period_end,AccountsPayable,AccountsPayableCurrent,AccountsReceivableNetCurrent,AccruedLiabilities,AccruedLiabilitiesCurrent,AccumulatedOtherComprehensiveIncomeLossAvailableForSaleSecuritiesAdjustmentNetOfTax,AccumulatedOtherComprehensiveIncomeLossCumulativeChangesInNetGainLossFromCashFlowHedgesEffectNetOfTax,AccumulatedOtherComprehensiveIncomeLossForeignCurrencyTranslationAdjustmentNetOfTax,AccumulatedOtherComprehensiveIncomeLossNetOfTax,AdjustmentsToAdditionalPaidInCapitalSharebasedCompensationRequisiteServicePeriodRecognitionValue,AdjustmentsToAdditionalPaidInCapitalTaxEffectFromShareBasedCompensation,AdvertisingExpense,AllowanceForDoubtfulAccountsReceivableCurrent,Assets,AssetsCurrent,AvailableForSaleSecuritiesCurrent,AvailableForSaleSecuritiesNoncurrent,CapitalizedComputerSoftwareAdditions,CapitalizedComputerSoftwareAmortization,CashAndCashEquivalentsAtCarryingValue,CashAndCashEquivalentsPeriodIncreaseDecrease,ChangeInUnrealizedGainLossOnFairValueHedgingInstruments,CommitmentsAndContingencies,CommonStockValue,ComprehensiveIncomeNetOfTax,CostOfGoodsAndServicesSold,CostOfReimbursableExpense,CumulativeEffectOfInitialAdoptionOfFIN48,CumulativeEffectOfInitialAdoptionOfNewAccountingPrinciple,CurrentFederalTaxExpenseBenefit,CurrentForeignTaxExpenseBenefit,CurrentStateAndLocalTaxExpenseBenefit,DeferredFederalIncomeTaxExpenseBenefit,DeferredForeignIncomeTaxExpenseBenefit,DeferredIncomeTaxExpenseBenefit,DeferredRevenueCurrent,DeferredRevenueNoncurrent,DeferredStateAndLocalIncomeTaxExpenseBenefit,DeferredTaxAssetsNetCurrent,DefinedContributionPlanCostRecognized,DepreciationAmortizationAndAccretionNet,DepreciationAndAmortization,EmployeeServiceShareBasedCompensationCashFlowEffectCashUsedToSettleAwards,ExcessTaxBenefitFromShareBasedCompensationFinancingActivities,FederalIncomeTaxExpenseBenefitContinuingOperations,FiniteLivedIntangibleAssetsAmortizationExpense,ForeignIncomeTaxExpenseBenefitContinuingOperations,GainLossOnSaleOfPropertyPlantEquipment,Goodwill,GoodwillImpairmentLoss,GrossProfit,ImpairmentOfIntangibleAssetsExcludingGoodwill,IncomeLossFromContinuingOperationsBeforeIncomeTaxesForeign,IncomeLossFromContinuingOperationsBeforeIncomeTaxesMinorityInterestAndIncomeLossFromEquityMethodInvestments,IncomeTaxExpenseBenefit,IncomeTaxesPaidNet,IncomeTaxReconciliationForeignIncomeTaxRateDifferential,IncomeTaxReconciliationIncomeTaxExpenseBenefitAtFederalStatutoryIncomeTaxRate,IncomeTaxReconciliationNondeductibleExpenseShareBasedCompensationCost,IncomeTaxReconciliationOtherReconcilingItems,IncomeTaxReconciliationStateAndLocalIncomeTaxes,IncomeTaxReconciliationTaxCreditsResearch,IncreaseDecreaseInAccountsPayable,IncreaseDecreaseInAccountsReceivable,IncreaseDecreaseInDeferredRevenue,IncreaseDecreaseInInventories,IncreaseDecreaseInOtherOperatingAssets,IncreaseDecreaseInOtherOperatingLiabilities,IncreaseDecreaseInOtherReceivables,IntangibleAssetsNetExcludingGoodwill,InventoryNet,LeaseAndRentalExpense,Liabilities,LiabilitiesAndStockholdersEquity,LiabilitiesCurrent,NetCashProvidedByUsedInFinancingActivities,NetCashProvidedByUsedInInvestingActivities,NetCashProvidedByUsedInOperatingActivities,NetIncomeLoss,NonoperatingIncomeExpense,OperatingExpenses,OperatingIncomeLoss,OtherAssetsCurrent,OtherAssetsNoncurrent,OtherComprehensiveIncomeAvailableForSaleSecuritiesAdjustmentNetOfTaxPeriodIncreaseDecrease,OtherComprehensiveIncomeDerivativesQualifyingAsHedgesNetOfTaxPeriodIncreaseDecrease,OtherComprehensiveIncomeForeignCurrencyTransactionAndTranslationAdjustmentNetOfTaxPeriodIncreaseDecrease,OtherComprehensiveIncomeReclassificationAdjustmentOnDerivativesIncludedInNetIncomeNetOfTax,OtherComprehensiveIncomeReclassificationAdjustmentOnDerivativesIncludedInNetIncomeTax,OtherComprehensiveIncomeUnrealizedGainLossOnDerivativesArisingDuringPeriodNetOfTax,OtherComprehensiveIncomeUnrealizedGainLossOnDerivativesArisingDuringPeriodTax,OtherComprehensiveIncomeUnrealizedHoldingGainLossOnSecuritiesArisingDuringPeriodTax,OtherLiabilitiesNoncurrent,PaymentsForProceedsFromOtherInvestingActivities,PaymentsToAcquireAvailableForSaleSecurities,PaymentsToAcquireAvailableForSaleSecuritiesDebt,PaymentsToAcquireBusinessesNetOfCashAcquired,PaymentsToAcquireIntangibleAssets,PaymentsToAcquireOtherInvestments,PaymentsToAcquireProductiveAssets,ProceedsFromIssuanceOfCommonStock,ProceedsFromMaturitiesPrepaymentsAndCallsOfAvailableForSaleSecurities,ProceedsFromSaleOfAvailableForSaleSecurities,ProceedsFromSaleOfAvailableForSaleSecuritiesDebt,ProductWarrantyAccrualClassifiedCurrent,ProductWarrantyAccrualPayments,ProductWarrantyAccrualWarrantiesIssued,ResearchAndDevelopmentExpense,RetainedEarningsAccumulatedDeficit,SalesRevenueNet,SegmentReportingInformationOperatingIncomeLoss,SegmentReportingReconcilingItemsAssets,SegmentReportingSegmentAssets,SellingGeneralAndAdministrativeExpense,ShareBasedCompensation,ShareBasedCompensationArrangementByShareBasedPaymentAwardEquityInstrumentsOtherThanOptionsForfeitedInPeriodWeightedAverageGrantDateFairValue,ShareBasedCompensationArrangementByShareBasedPaymentAwardEquityInstrumentsOtherThanOptionsVestedInPeriodTotalFairValue,ShareBasedCompensationArrangementByShareBasedPaymentAwardOptionsExercisesInPeriodTotalIntrinsicValue,ShareBasedCompensationArrangementByShareBasedPaymentAwardOptionsExercisesInPeriodWeightedAverageExercisePrice,ShareBasedCompensationArrangementByShareBasedPaymentAwardOptionsForfeituresInPeriodWeightedAverageExercisePrice,ShareBasedCompensationArrangementByShareBasedPaymentAwardOptionsGrantsInPeriodWeightedAverageExercisePrice,StateAndLocalIncomeTaxExpenseBenefitContinuingOperations,StockholdersEquity,StockIssuedDuringPeriodValueAcquisitions,StockIssuedDuringPeriodValueShareBasedCompensation,UnrecognizedTaxBenefitsDecreasesResultingFromSettlementsWithTaxingAuthorities,UnrecognizedTaxBenefitsReductionsResultingFromLapseOfApplicableStatuteOfLimitations,DerivativeInstrumentsGainLossReclassifiedFromAccumulatedOCIIntoIncomeEffectivePortionNet,DerivativeInstrumentsGainLossRecognizedInIncomeIneffectivePortionAndAmountExcludedFromEffectivenessTestingNet,DerivativeInstrumentsGainLossRecognizedInOtherComprehensiveIncomeEffectivePortionNet,DerivativeInstrumentsNotDesignatedAsHedgingInstrumentsGainLossNet,ProductWarrantyExpense,AccruedIncomeTaxesCurrent,AvailableForSaleSecuritiesAmortizedCost,AvailableForSaleSecuritiesContinuousUnrealizedLossPositionFairValue,AvailableForSaleSecuritiesContinuousUnrealizedLossPositionLessThanTwelveMonthsFairValue,AvailableForSaleSecuritiesContinuousUnrealizedLossPositionTwelveMonthsOrLongerFairValue,AvailableForSaleSecuritiesDebtSecuritiesCurrent,AvailableForSaleSecuritiesDebtSecuritiesNoncurrent,AvailableForSaleSecuritiesFairValueDisclosure,Cash,CashEquivalentsAtCarryingValue,DeferredTaxAssetsGross,DeferredTaxAssetsLiabilitiesNet,DeferredTaxAssetsNet,DeferredTaxAssetsOther,DeferredTaxAssetsTaxDeferredExpenseCompensationAndBenefitsShareBasedCompensationCost,DeferredTaxAssetsTaxDeferredExpenseReservesAndAccruals,DeferredTaxAssetsValuationAllowance,DeferredTaxLiabilitiesNoncurrent,DeferredTaxLiabilitiesUndistributedForeignEarnings,EmployeeRelatedLiabilitiesCurrent,FairValueAssetsMeasuredOnRecurringBasisCashAndCashEquivalents,FairValueAssetsMeasuredOnRecurringBasisDerivativeFinancialInstrumentsAssets,FairValueHedgesAtFairValueNet,FairValueLiabilitiesMeasuredOnRecurringBasisDerivativeFinancialInstrumentsLiabilities,FiniteLivedIntangibleAssetsAccumulatedAmortization,FiniteLivedIntangibleAssetsGross,ForeignCurrencyDerivativeAssetsAtFairValue,ForeignCurrencyDerivativeInstrumentsNotDesignatedAsHedgingInstrumentsAssetAtFairValue,ForeignCurrencyDerivativeInstrumentsNotDesignatedAsHedgingInstrumentsLiabilityAtFairValue,ForeignCurrencyDerivativeLiabilitiesAtFairValue,FurnitureAndFixturesGross,IncomeTaxExaminationInterestExpense,IncomeTaxReconciliationDeductionsQualifiedProductionActivities,LeaseholdImprovementsGross,NontradeReceivablesCurrent,NotionalAmountOfForeignCurrencyDerivativeInstrumentsNotDesignatedAsHedgingInstruments,OperatingLeasesFutureMinimumPaymentsDue,OtherAccruedLiabilitiesCurrent,OtherAccruedLiabilitiesNoncurrent,OtherDeferredCreditsCurrent,StandardProductWarrantyAccrual,TranslationAdjustmentForNetInvestmentHedgeNetOfTax,UnrecognizedTaxBenefits,UnrecognizedTaxBenefitsIncomeTaxPenaltiesAndInterestAccrued,UnrecognizedTaxBenefitsThatWouldImpactEffectiveTaxRate,BusinessAcquisitionPurchasePriceAllocationGoodwillAmount,CollateralAlreadyPostedAggregateFairValue,EmployeeServiceShareBasedCompensationUnrecognizedCompensationCostsOnNonvestedAwards,ShareBasedCompensationArrangementByShareBasedPaymentAwardOptionsOutstandingIntrinsicValue,TaxAdjustmentsSettlementsAndUnusualProvisions,UnrecognizedTaxBenefitsPeriodIncreaseDecrease,AmortizationOfIntangibleAssets,AvailableForSaleSecuritiesGrossUnrealizedLosses1,AvailableforsaleSecuritiesGrossUnrealizedGain,DeferredTaxLiabilities,DeferredTaxLiabilitiesOther,FutureAmortizationExpenseYearFive,FutureAmortizationExpenseYearFour,FutureAmortizationExpenseYearOne,FutureAmortizationExpenseYearThree,FutureAmortizationExpenseYearTwo,MarketingExpense,OperatingLeasesFutureMinimumPaymentsDueCurrent,OperatingLeasesFutureMinimumPaymentsDueInFiveYears,OperatingLeasesFutureMinimumPaymentsDueInFourYears,OperatingLeasesFutureMinimumPaymentsDueInThreeYears,OperatingLeasesFutureMinimumPaymentsDueInTwoYears,OperatingLeasesFutureMinimumPaymentsDueThereafter,OperatingLeasesRentExpenseNet,OtherComprehensiveIncomeLossAvailableForSaleSecuritiesAdjustmentNetOfTax,OtherComprehensiveIncomeLossDerivativesQualifyingAsHedgesNetOfTax,OtherComprehensiveIncomeLossForeignCurrencyTransactionAndTranslationAdjustmentNetOfTax,OtherComprehensiveIncomeLossNetOfTax,OtherComprehensiveIncomeLossReclassificationAdjustmentForSaleOfSecuritiesIncludedInNetIncomeNetOfTax,OtherComprehensiveIncomeLossReclassificationAdjustmentOnDerivativesIncludedInNetIncomeNetOfTax,OtherComprehensiveIncomeLossReclassificationAdjustmentOnDerivativesIncludedInNetIncomeTax,OtherComprehensiveIncomeUnrealizedHoldingGainLossOnSecuritiesArisingDuringPeriodNetOfTax,OtherPrepaidExpenseCurrent,PaymentsRelatedToTaxWithholdingForShareBasedCompensation,PrepaidExpenseOtherNoncurrent,ShareBasedCompensationArrangementByShareBasedPaymentAwardOptionsExercisableIntrinsicValue,StandardProductWarrantyAccrualPayments,StandardProductWarrantyAccrualWarrantiesIssued,TaxesPayableCurrent,UnrecordedUnconditionalPurchaseObligationBalanceSheetAmount,EmployeeServiceShareBasedCompensationNonvestedAwardsTotalCompensationCostNotYetRecognized,MarketableSecuritiesRealizedGainLoss,SharebasedCompensationArrangementBySharebasedPaymentAwardOptionsExercisableIntrinsicValue1,AccruedMarketingCostsCurrent,AccumulatedDepreciationDepletionAndAmortizationPropertyPlantAndEquipment,BusinessAcquisitionCostOfAcquiredEntityPurchasePrice,BusinessAcquisitionPurchasePriceAllocationAmortizableIntangibleAssets,IncomeLossFromContinuingOperationsBeforeIncomeTaxesExtraordinaryItemsNoncontrollingInterest,IncomeTaxReconciliationOtherAdjustments,InterestExpense,InvestmentIncomeInterestAndDividend,OtherComprehensiveIncomeLossForeignCurrencyTranslationAdjustmentTax,OtherComprehensiveIncomeLossReclassificationAdjustmentFromAOCIForSaleOfSecuritiesNetOfTax,OtherComprehensiveIncomeLossReclassificationAdjustmentFromAOCIForSaleOfSecuritiesTax,OtherComprehensiveIncomeLossReclassificationAdjustmentFromAOCIOnDerivativesNetOfTax,OtherComprehensiveIncomeLossReclassificationAdjustmentFromAOCIOnDerivativesTax,OtherNonoperatingIncomeExpense,PaymentsForRepurchaseOfCommonStock,ProceedsFromIssuanceOfLongTermDebt,PropertyPlantAndEquipmentGross,PropertyPlantAndEquipmentNet,PaymentsOfDividends,LongTermPurchaseCommitmentAmount,StockRepurchaseProgramAuthorizedAmount,SignificantChangeInUnrecognizedTaxBenefitsIsReasonablyPossibleEstimatedRangeOfChangeLowerBound,SignificantChangeInUnrecognizedTaxBenefitsIsReasonablyPossibleEstimatedRangeOfChangeUpperBound,AllocatedShareBasedCompensationExpense,AvailableForSaleSecurities,BusinessAcquisitionPurchasePriceAllocationLiabilitiesAssumed,DeferredTaxAssetsDeferredIncome,DefinedContributionPlanMaximumAnnualContributionPerEmployeeAmount,FiniteLivedIntangibleAssetsAmortizationExpenseNextTwelveMonths,FiniteLivedIntangibleAssetsAmortizationExpenseYearFive,FiniteLivedIntangibleAssetsAmortizationExpenseYearFour,FiniteLivedIntangibleAssetsAmortizationExpenseYearThree,FiniteLivedIntangibleAssetsAmortizationExpenseYearTwo,FiniteLivedIntangibleAssetsNet,GoodwillAcquiredDuringPeriod,ImpairmentOfIntangibleAssetsIndefinitelivedExcludingGoodwill,InterestPaid,InventoryFinishedGoodsNetOfReserves,InventoryPartsAndComponentsNetOfReserves,LongTermDebt,NetCashProvidedByUsedInFinancingActivitiesContinuingOperations,NetCashProvidedByUsedInInvestingActivitiesContinuingOperations,NetCashProvidedByUsedInOperatingActivitiesContinuingOperations,ProceedsFromRepaymentsOfCommercialPaper,StockRepurchaseProgramAuthorizedAmount1,UndistributedEarningsOfForeignSubsidiaries,UnrecognizedTaxBenefitsDecreasesResultingFromPriorPeriodTaxPositions,UnrecognizedTaxBenefitsIncomeTaxPenaltiesAndInterestExpense,UnrecognizedTaxBenefitsIncreasesResultingFromCurrentPeriodTaxPositions,UnrecognizedTaxBenefitsIncreasesResultingFromPriorPeriodTaxPositions,BusinessCombinationRecognizedIdentifiableAssetsAcquiredAndLiabilitiesAssumedIntangibleAssetsOtherThanGoodwill,BusinessCombinationRecognizedIdentifiableAssetsAcquiredAndLiabilitiesAssumedLiabilities,DebtInstrumentCarryingAmount,DebtInstrumentUnamortizedDiscount,InterestExpenseDebt,LongTermDebtMaturitiesRepaymentsOfPrincipalAfterYearFive,LongTermDebtMaturitiesRepaymentsOfPrincipalInYearFive,LongTermDebtMaturitiesRepaymentsOfPrincipalInYearFour,LongTermDebtMaturitiesRepaymentsOfPrincipalInYearThree,LongTermDebtMaturitiesRepaymentsOfPrincipalInYearTwo,LongTermDebtMaturitiesRepaymentsOfPrincipalRemainderOfFiscalYear,StockRepurchasedAndRetiredDuringPeriodValue,AvailableForSaleSecuritiesAccumulatedGrossUnrealizedGainBeforeTax,AvailableForSaleSecuritiesAccumulatedGrossUnrealizedLossBeforeTax,CommercialPaper,CommonStocksIncludingAdditionalPaidInCapital,DeferredIncomeTaxLiabilities,DefinedContributionPlanMaximumAnnualContributionsPerEmployeeAmount,DerivativeFairValueOfDerivativeNet,IndefiniteLivedIntangibleAssetsExcludingGoodwill,LongTermDebtMaturitiesRepaymentsOfPrincipalInNextTwelveMonths,NoncurrentAssets,PaymentsToAcquirePropertyPlantAndEquipment,TreasuryStockValueAcquiredCostMethod,OtherComprehensiveIncomeLossBeforeReclassificationsNetOfTax,OtherComprehensiveIncomeLossReclassificationAdjustmentFromAOCIForSaleOfSecuritiesBeforeTax,OtherComprehensiveIncomeLossReclassificationAdjustmentFromAOCIOnDerivativesBeforeTax,OtherComprehensiveIncomeLossTax,ReclassificationFromAccumulatedOtherComprehensiveIncomeCurrentPeriodBeforeTax,ReclassificationFromAccumulatedOtherComprehensiveIncomeCurrentPeriodNetOfTax,SharebasedCompensationArrangementBySharebasedPaymentAwardEquityInstrumentsOtherThanOptionsAggregateIntrinsicValueNonvested,IncomeTaxReconciliationTaxContingenciesDomestic,OtherComprehensiveIncomeLossBeforeReclassificationsBeforeTax,DeferredIncomeTaxLiabilitiesNet,DeferredTaxAssetsLiabilitiesNetCurrent,FiniteLivedIntangibleAssetsAmortizationExpenseAfterYearFive,IncomeTaxReconciliationTaxSettlementsDomestic,LongTermDebtCurrent,LongTermDebtNoncurrent,ProceedsFromRepaymentsOfShortTermDebt,ProceedsFromRepaymentsOfShortTermDebtMaturingInMoreThanThreeMonths,ProceedsFromRepaymentsOfShortTermDebtMaturingInThreeMonthsOrLess,ProceedsFromShortTermDebtMaturingInMoreThanThreeMonths,RepaymentsOfLongTermDebt,RepaymentsOfShortTermDebtMaturingInMoreThanThreeMonths,DebtInstrumentUnamortizedDiscountPremiumNet,DeferredTaxAssetsPropertyPlantAndEquipment,DeferredTaxLiabilityNotRecognizedAmountOfUnrecognizedDeferredTaxLiabilityUndistributedEarningsOfForeignSubsidiaries,DepreciationDepletionAndAmortization,Dividends,EmployeeServiceShareBasedCompensationTaxBenefitFromCompensationExpense,IntangibleAssetsGrossExcludingGoodwill,OciBeforeReclassificationsBeforeTaxAttributableToParent,OtherComprehensiveIncomeLossNetOfTaxPortionAttributableToParent,OtherComprehensiveIncomeLossTaxPortionAttributableToParent1,OtherNoncashIncomeExpense,ReclassificationFromAociCurrentPeriodBeforeTaxAttributableToParent,PaymentsOfDividendsCommonStock,DecreaseInUnrecognizedTaxBenefitsIsReasonablyPossible,CashCashEquivalentsRestrictedCashAndRestrictedCashEquivalents,CostOfGoodsAndServicesSoldDepreciation,DebtInstrumentUnamortizedDiscountPremiumAndDebtIssuanceCostsNet,InterestPaidNet,ProceedsFromSaleAndMaturityOfOtherInvestments,Revenues,AccruedIncomeTaxesNoncurrent,AssetsNoncurrent,AvailableForSaleSecuritiesContinuousUnrealizedLossPosition12MonthsOrLongerAccumulatedLoss,AvailableForSaleSecuritiesContinuousUnrealizedLossPositionAccumulatedLoss,AvailableForSaleSecuritiesContinuousUnrealizedLossPositionLessThan12MonthsAccumulatedLoss,CashCashEquivalentsRestrictedCashAndRestrictedCashEquivalentsPeriodIncreaseDecreaseIncludingExchangeRateEffect,ContractWithCustomerLiabilityRevenueRecognized,DeferredTaxAssetsUnrealizedLossesOnAvailableforSaleSecuritiesGross,Depreciation,EffectiveIncomeTaxRateReconciliationShareBasedCompensationExcessTaxBenefitAmount,EffectiveIncomeTaxRateReconciliationTaxCutsAndJobsActOf2017Amount,IncreaseDecreaseInContractWithCustomerLiability,InterestCostsIncurred,LiabilitiesNoncurrent,OtherLiabilitiesCurrent,ProceedsFromPaymentsForOtherFinancingActivities,RevenueFromContractWithCustomerExcludingAssessedTax,SalesRevenueServicesGross,UnrecordedUnconditionalPurchaseObligationBalanceOnFifthAnniversary,UnrecordedUnconditionalPurchaseObligationBalanceOnFirstAnniversary,UnrecordedUnconditionalPurchaseObligationBalanceOnFourthAnniversary,UnrecordedUnconditionalPurchaseObligationBalanceOnSecondAnniversary,UnrecordedUnconditionalPurchaseObligationBalanceOnThirdAnniversary,UnrecordedUnconditionalPurchaseObligationDueAfterFiveYears,RestrictedInvestments,AvailableForSaleDebtSecuritiesAccumulatedGrossUnrealizedGainBeforeTax,AvailableForSaleDebtSecuritiesAccumulatedGrossUnrealizedLossBeforeTax,AvailableForSaleDebtSecuritiesAmortizedCostBasis,AvailableForSaleSecuritiesDebtSecurities,CapitalExpendituresIncurredButNotYetPaid,ContractWithCustomerLiability,ContractWithCustomerLiabilityCurrent,DebtSecuritiesAvailableForSaleContinuousUnrealizedLossPosition12MonthsOrLonger,DebtSecuritiesAvailableForSaleContinuousUnrealizedLossPosition12MonthsOrLongerAccumulatedLoss,DebtSecuritiesAvailableForSaleContinuousUnrealizedLossPositionLessThan12Months,DebtSecuritiesAvailableForSaleContinuousUnrealizedLossPositionLessThan12MonthsAccumulatedLoss,DebtSecuritiesAvailableForSaleUnrealizedLossPosition,DebtSecuritiesAvailableForSaleUnrealizedLossPositionAccumulatedLoss,MarketableSecuritiesCurrent,MarketableSecuritiesNoncurrent,EquitySecuritiesWithoutReadilyDeterminableFairValueAmount,HeldToMaturitySecurities,GainLossFromComponentsExcludedFromAssessmentOfFairValueHedgeEffectivenessNet,ProceedsFromOtherShortTermDebt,RestrictedCashAndCashEquivalentsAtCarryingValue,RestrictedCashAndCashEquivalentsNoncurrent,DeferredTaxAssetsGoodwillAndIntangibleAssets,DeferredTaxLiabilitiesLeasingArrangements,DeferredTaxLiabilitiesOtherComprehensiveIncome,OtherShortTermBorrowings,FinanceLeaseLiability,FinanceLeaseLiabilityPaymentsDue,FinanceLeaseLiabilityPaymentsDueAfterYearFive,FinanceLeaseLiabilityPaymentsDueYearFive,FinanceLeaseLiabilityPaymentsDueYearFour,FinanceLeaseLiabilityPaymentsDueYearThree,FinanceLeaseLiabilityPaymentsDueYearTwo,FinanceLeaseLiabilityPaymentsRemainderOfFiscalYear,FinanceLeaseLiabilityUndiscountedExcessAmount,LesseeOperatingLeaseLiabilityPaymentsDue,LesseeOperatingLeaseLiabilityPaymentsDueAfterYearFive,LesseeOperatingLeaseLiabilityPaymentsDueYearFive,LesseeOperatingLeaseLiabilityPaymentsDueYearFour,LesseeOperatingLeaseLiabilityPaymentsDueYearThree,LesseeOperatingLeaseLiabilityPaymentsDueYearTwo,LesseeOperatingLeaseLiabilityPaymentsRemainderOfFiscalYear,LesseeOperatingLeaseLiabilityUndiscountedExcessAmount,OperatingLeaseCost,OperatingLeaseLiability,OperatingLeasePayments,OtherComprehensiveIncomeLossCashFlowHedgeGainLossBeforeReclassificationAndTax,OtherComprehensiveIncomeLossCashFlowHedgeGainLossReclassificationAfterTax,OtherComprehensiveIncomeLossCashFlowHedgeGainLossReclassificationBeforeTax,OtherComprehensiveIncomeLossDerivativeExcludedComponentIncreaseDecreaseBeforeAdjustmentsAndTax,VariableLeaseCost,SecuritiesSoldUnderAgreementsToRepurchaseFairValueOfCollateral,DeferredTaxAssetsTaxCreditCarryforwards,DerivativeCollateralObligationToReturnCash,FinanceLeaseLiabilityCurrent,FinanceLeaseLiabilityNoncurrent,FinanceLeaseLiabilityPaymentsDueNextTwelveMonths,FinanceLeaseRightOfUseAsset,LesseeOperatingLeaseLiabilityPaymentsDueNextTwelveMonths,OperatingLeaseLiabilityCurrent,OperatingLeaseLiabilityNoncurrent,OperatingLeaseRightOfUseAsset,RepaymentsOfOtherShortTermDebt,RestrictedCash,EffectiveIncomeTaxRateReconciliationFdiiAmount,AvailableForSaleSecuritiesDebtMaturitiesRollingAfterYearTenFairValue,AvailableForSaleSecuritiesDebtMaturitiesRollingYearSixThroughTenFairValue,AvailableForSaleSecuritiesDebtMaturitiesRollingYearTwoThroughFiveFairValue,AvailableForSaleSecuritiesDebtMaturitiesSingleMaturityDate,DeferredTaxAssetsTaxCreditCarryforwardsForeign,DeferredTaxAssetsTaxCreditCarryforwardsResearch,DeferredTaxAssetsOtherComprehensiveLoss,DebtSecuritiesAvailableForSaleRestricted,InventoryWorkInProcessAndRawMaterialsNetOfReserves,InventoryRawMaterialsAndPurchasedPartsNetOfReserves,HedgedAssetFairValueHedge,HedgedLiabilityFairValueHedge,DeferredIncomeTaxAssetsNet,DeferredTaxLiabilitiesPropertyPlantAndEquipment,OtherAssetsMiscellaneousNoncurrent,UnrecordedUnconditionalPurchaseObligationDueInRemainderOfFiscalYear,OtherComprehensiveIncomeLossCashFlowHedgeGainLossAfterReclassificationAndTax,OtherComprehensiveIncomeLossCashFlowHedgeGainLossBeforeReclassificationAfterTax
2006-09-30,,,,,,,,,,,,,,,,,,,,6392000000.0,,,,,,,,,,,,,,,,,,,,,,,,,,,,,,,,,,,,,,,,,,,,,,,,,,,,,,,,,,,,,,,,,,,,,,,,,,,,,,,,,,,,,,,,,,,,,,,,,,,,,,,9984000000.0,,,,,,,,,,,,,,,,,,,,,,,,,,,,,,,,,,,,,,,,,,,,,,,,,,,,,,,,,,,,,,,,,,,,,,,,,,,,,,,,,,,,,,,,,,,,,,,,,,,,,,,,,,,,,,,,,,,,,,,,,,,,,,,,,,,,,,,,,,,,,,,,,,,,,,,,,,,,,,,,,,,,,,,,,,,,,,,,,,,,,,,,,,,,,,,,,,,,,,,,,,,,,,,,,,,,,,,,,,,,,,,,,,,,,,,,,,,,,,,,,,,,,,,,,,,,,,,,,,,,,,,,,,,,,,,,,,,,,,,,,,,,,,,,,,,,,,,,,,,,,,,,,,,,,,,,,,,,,,,
2007-09-29,,,,,,,,,,251000000.0,398000000.0,,,,,,,,,9352000000.0,2960000000.0,,,,3536000000.0,16426000000.0,,,,,,,,,73000000.0,,,,,,327000000.0,,-3000000.0,377000000.0,,,,-12000000.0,,,8152000000.0,,,5008000000.0,1511000000.0,863000000.0,,,,,,,1494000000.0,385000000.0,566000000.0,76000000.0,-285000000.0,716000000.0,,,,,,,,739000000.0,-3249000000.0,5470000000.0,3495000000.0,599000000.0,3745000000.0,4407000000.0,,,-7000000.0,-3000000.0,51000000.0,,,,,,,-49000000.0,11719000000.0,,0.0,251000000.0,17000000.0,735000000.0,365000000.0,6483000000.0,2941000000.0,,363000000.0,,,782000000.0,,24578000000.0,,,,2963000000.0,242000000.0,,,,,,,,14531000000.0,,362000000.0,,,,,,,,,,,,,,,,,,,,,,,,,,,,,,,,,,,,,,,,,,,,,,,,,,,,,,,,,,,,,,,,,,,,,,,,,,,,,,,,,,,,,,,,,,,,,,,,,,,,,,,,,,,,,,,,,,,,,,,,,,,,,,,,,,,,,,,,,,,,,,,,,,,,,,,,,,,,,,,,,,,,,,,,,,,,,,,,,,,,,,,,,,,,,,,,,,,,,,,,,,,,,,,,,,,,,,,,,,,,,,,,,,,,,,,,,,,,,,,,,,,,,,,,,,,,,,,,,,,,,,,,,,,,,,,,,,,,,,,,,,,,,,,,,,,,,,,,,,,,,,,,,,,,,,,,,,,,,
2008-06-28,,,,,,,,,,,,,,,,,,,,9373000000.0,21000000.0,,,,,4864000000.0,,,,,,,,,41000000.0,,,,,,339000000.0,,-116000000.0,621000000.0,,,,-15000000.0,,,2600000000.0,,,1510000000.0,438000000.0,1022000000.0,,,,,,,-1226000000.0,-34000000.0,1823000000.0,199000000.0,-101000000.0,400000000.0,,,,,,,,916000000.0,-6196000000.0,5301000000.0,1072000000.0,118000000.0,1208000000.0,1392000000.0,,,,,,,,,,,,-20000000.0,17153000000.0,,,89000000.0,31000000.0,688000000.0,411000000.0,9378000000.0,2367000000.0,,,,,292000000.0,,7464000000.0,,,,916000000.0,375000000.0,,,,,,,,,,,,,,,,,,,,,,,,,,,,,,,,,,,,,,,,,,,,,,,,,,,,,,,,,,,,,,,,,,,,,,,,,,,,,,,,,,,,,,,,,,,,,,,,,,,,,,,,,,,,,,,,,,,,,,,,,,,,,,,,,,,,,,,,,,,,,,,,,,,,,,,,,,,,,,,,,,,,,,,,,,,,,,,,,,,,,,,,,,,,,,,,,,,,,,,,,,,,,,,,,,,,,,,,,,,,,,,,,,,,,,,,,,,,,,,,,,,,,,,,,,,,,,,,,,,,,,,,,,,,,,,,,,,,,,,,,,,,,,,,,,,,,,,,,,,,,,,,,,,,,,,,,,,,,,,,,,,,,,,
2008-09-27,5520000000.0,5520000000.0,2422000000.0,3719000000.0,4224000000.0,-70000000.0,19000000.0,42000000.0,-9000000.0,513000000.0,770000000.0,486000000.0,47000000.0,36171000000.0,30006000000.0,10236000000.0,2379000000.0,11000000.0,27000000.0,11875000000.0,2523000000.0,0.0,0.0,7177000000.0,6047000000.0,24294000000.0,871000.0,56000000.0,56000000.0,1796000000.0,275000000.0,359000000.0,498000000.0,-75000000.0,398000000.0,1617000000.0,768000000.0,-25000000.0,1044000000.0,50000000.0,496000000.0,387000000.0,-124000000.0,757000000.0,2294000000.0,46000000.0,200000000.0,-22000000.0,207000000.0,0.0,13197000000.0,0.0,4600000000.0,6895000000.0,2828000000.0,1267000000.0,-500000000.0,3131000000.0,169000000.0,1000000.0,217000000.0,21000000.0,596000000.0,785000000.0,718000000.0,163000000.0,-289000000.0,1664000000.0,-110000000.0,285000000.0,509000000.0,207000000.0,13874000000.0,36171000000.0,11361000000.0,1116000000.0,-8189000000.0,9596000000.0,6119000000.0,620000000.0,4870000000.0,8327000000.0,3920000000.0,839000000.0,-63000000.0,19000000.0,-11000000.0,12000000.0,-9000000.0,7000000.0,-5000000.0,42000000.0,1745000000.0,10000000.0,22965000000.0,22965000000.0,220000000.0,108000000.0,38000000.0,1091000000.0,483000000.0,11804000000.0,4439000000.0,4439000000.0,671000000.0,493000000.0,801000000.0,1109000000.0,15129000000.0,37491000000.0,10881000000.0,31608000000.0,4563000000.0,3761000000.0,516000000.0,119.12,320000000.0,2000000000.0,27.88,98.4,171.36,334000000.0,22297000000.0,21000000.0,359000000.0,0.0,11000000.0,,,,,,,,,,,,,,,,,,,,,,,,,,,,,,,,,,,,,,,,,,,,,,,,,,,,,,,,,,,,,,,,,,,,,,,,,,,,,,,,,,,,,,,,,,,,,,,,,,,,,,,,,,,,,,,,,,,,,,,,,,,,,,,,,,,,,,,,,,,,,,,,,,,,,,,,,,,,,,,,,,,,,,,,,,,,,,,,,,,,,,,,,,,,,,,,,,,,,,,,,,,,,,,,,,,,,,,,,,,,,,,,,,,,,,,,,,,,,,,,,,,,,,,,,,,,,,,,,,,,,,,,,,,,,,,,,,,,,,,,,,,,,,,,,,,,,,,,,,,,,,,,,,,,,,,,,,,
2008-12-27,,,,,,,,,,,,,,,,,,,,7236000000.0,-4639000000.0,,,,,7373000000.0,,,,,,,,,276000000.0,,,,,,168000000.0,,-34000000.0,19000000.0,,,,-7000000.0,,,4507000000.0,,,3259000000.0,1004000000.0,550000000.0,,,,,,,-767000000.0,-226000000.0,200000000.0,-113000000.0,-7000000.0,186000000.0,,,,,,,,62000000.0,-8639000000.0,3938000000.0,2255000000.0,158000000.0,1406000000.0,3101000000.0,,,,,,,,,,,,60000000.0,13082000000.0,,,14000000.0,38000000.0,339000000.0,77000000.0,2226000000.0,2668000000.0,,,,,315000000.0,,11880000000.0,,,,1091000000.0,170000000.0,,,,,,,,,,,,,,,,,,,,,,,,,,,,,,,,,,,,,,,,,,,,,,,,,,,,,,,,,,,,,,,,,,,,,,,,,,,,,,,,,,,,,,,,,,,,,,,,,,,,,,,,,,,,,,,,,,,,,,,,,,,,,,,,,,,,,,,,,,,,,,,,,,,,,,,,,,,,,,,,,,,,,,,,,,,,,,,,,,,,,,,,,,,,,,,,,,,,,,,,,,,,,,,,,,,,,,,,,,,,,,,,,,,,,,,,,,,,,,,,,,,,,,,,,,,,,,,,,,,,,,,,,,,,,,,,,,,,,,,,,,,,,,,,,,,,,,,,,,,,,,,,,,,,,,,,,,,,,,,,,,,,,,,
2009-03-28,,,,,,,,,,,,,,,,,,,,4466000000.0,-7409000000.0,,,,,5457000000.0,,,,,,,,,570000000.0,,,,,,349000000.0,,-33000000.0,47000000.0,,,,-8000000.0,,,3627000000.0,,,2386000000.0,766000000.0,1828000000.0,,,,,,,-1527000000.0,-490000000.0,128000000.0,-197000000.0,361000000.0,-535000000.0,,,,,,,,136000000.0,-12324000000.0,4779000000.0,1620000000.0,63000000.0,1304000000.0,2323000000.0,,,,,,,,,,,,55000000.0,23483000000.0,,,30000000.0,54000000.0,439000000.0,122000000.0,6280000000.0,5457000000.0,,637000000.0,,,319000000.0,,9084000000.0,,,,985000000.0,351000000.0,,,,,,,,,,,,,,,,,,,,,,,,,,,,,,,,,,,,,,,,,,,,,,,,,,,,,,,,,,,,,,,,,,,,,,,,,,,,,,,,,,,,,,,,,,,,,,,,,,,,,,,,,,,,,,,,,,,,,,,,,,,,,,,,,,,,,,,,,,,,,,,,,,,,,,,,,,,,,,,,,,,,,,,,,,,,,,,,,,,,,,,,,,,,,,,,,,,,,,,,,,,,,,,,,,,,,,,,,,,,,,,,,,,,,,,,,,,,,,,,,,,,,,,,,,,,,,,,,,,,,,,,,,,,,,,,,,,,,,,,,,,,,,,,,,,,,,,,,,,,,,,,,,,,,,,,,,,,,,,,,,,,,,,
2009-06-27,4854000000.0,,2686000000.0,3338000000.0,,,,,53000000.0,,,,58000000.0,48140000000.0,35170000000.0,18617000000.0,6899000000.0,,,5605000000.0,-6270000000.0,,0.0,7957000000.0,1900000000.0,5751000000.0,0.0,,,,,,,,772000000.0,8469000000.0,3667000000.0,,1731000000.0,,531000000.0,,-68000000.0,124000000.0,,,,-18000000.0,207000000.0,,3983000000.0,,,1732000000.0,864000000.0,2490000000.0,,,67000000.0,,,,-648000000.0,264000000.0,323000000.0,-129000000.0,602000000.0,-293000000.0,-788000000.0,259000000.0,380000000.0,,22252000000.0,48140000000.0,16661000000.0,344000000.0,-13663000000.0,7049000000.0,1828000000.0,60000000.0,1351000000.0,2632000000.0,6151000000.0,2952000000.0,60000000.0,-27000000.0,39000000.0,3000000.0,,-30000000.0,,,1924000000.0,62000000.0,34696000000.0,34696000000.0,0.0,56000000.0,61000000.0,685000000.0,288000000.0,12780000000.0,9117000000.0,9117000000.0,578000000.0,124000000.0,,341000000.0,17878000000.0,9734000000.0,3431000000.0,,,1010000000.0,179000000.0,,98000000.0,218000000.0,,,,,25888000000.0,,,,,-5000000.0,16000000.0,-57000000.0,-34000000.0,-65000000.0,,,,,,,,,,,,,,,,,,,,,,,,,,,,,,,,,,,,,,,,,,,,,,,,,,,,,,,,,,,,,,,,,,,,,,,,,,,,,,,,,,,,,,,,,,,,,,,,,,,,,,,,,,,,,,,,,,,,,,,,,,,,,,,,,,,,,,,,,,,,,,,,,,,,,,,,,,,,,,,,,,,,,,,,,,,,,,,,,,,,,,,,,,,,,,,,,,,,,,,,,,,,,,,,,,,,,,,,,,,,,,,,,,,,,,,,,,,,,,,,,,,,,,,,,,,,,,,,,,,,,,,,,,,,,,,,,,,,,,,,,,,,,,,,,,,,,,,,,,,,,,,,,,,,,,
2009-09-26,,5601000000.0,3361000000.0,,3852000000.0,48000000.0,1000000.0,28000000.0,77000000.0,707000000.0,-78000000.0,501000000.0,52000000.0,47501000000.0,31555000000.0,18201000000.0,10528000000.0,71000000.0,25000000.0,5263000000.0,-6612000000.0,0.0,,8210000000.0,8321000000.0,25683000000.0,4000.0,,,1922000000.0,345000000.0,524000000.0,1077000000.0,-35000000.0,1040000000.0,2053000000.0,853000000.0,-2000000.0,1135000000.0,59000000.0,734000000.0,606000000.0,82000000.0,270000000.0,2999000000.0,53000000.0,310000000.0,-26000000.0,206000000.0,0.0,5105000000.0,0.0,6600000000.0,7984000000.0,3831000000.0,2997000000.0,-647000000.0,4223000000.0,266000000.0,0.0,339000000.0,84000000.0,92000000.0,939000000.0,521000000.0,-54000000.0,713000000.0,-161000000.0,-586000000.0,247000000.0,455000000.0,231000000.0,15861000000.0,47501000000.0,11506000000.0,663000000.0,-17434000000.0,10159000000.0,2532000000.0,326000000.0,5482000000.0,11740000000.0,1444000000.0,2011000000.0,118000000.0,12000000.0,-54000000.0,-222000000.0,149000000.0,204000000.0,-135000000.0,-78000000.0,3502000000.0,175000000.0,46724000000.0,46724000000.0,0.0,69000000.0,101000000.0,1144000000.0,475000000.0,19790000000.0,10888000000.0,10888000000.0,577000000.0,534000000.0,440000000.0,1333000000.0,23353000000.0,12207000000.0,14692000000.0,41897000000.0,5604000000.0,4149000000.0,710000000.0,121.28,221000000.0,827000000.0,41.78,122.98,106.84,522000000.0,31640000000.0,,393000000.0,0.0,3000000.0,370000000.0,-94000000.0,294000000.0,-133000000.0,,430000000.0,32796000000.0,2386000000.0,1667000000.0,719000000.0,18201000000.0,10528000000.0,32853000000.0,1139000000.0,4124000000.0,1852000000.0,-922000000.0,1852000000.0,383000000.0,87000000.0,1030000000.0,0.0,2216000000.0,2774000000.0,357000000.0,4124000000.0,37000000.0,0.0,25000000.0,176000000.0,423000000.0,37000000.0,10000000.0,1000000.0,25000000.0,115000000.0,64000000.0,36000000.0,1665000000.0,1696000000.0,3416000000.0,1900000000.0,1904000000.0,1286000000.0,225000000.0,577000000.0,-2000000.0,971000000.0,291000000.0,307000000.0,,,,,,,,,,,,,,,,,,,,,,,,,,,,,,,,,,,,,,,,,,,,,,,,,,,,,,,,,,,,,,,,,,,,,,,,,,,,,,,,,,,,,,,,,,,,,,,,,,,,,,,,,,,,,,,,,,,,,,,,,,,,,,,,,,,,,,,,,,,,,,,,,,,,,,,,,,,,,,,,,,,,,,,,,,,,,,,,,,,,,,,,,,,,,,,,,,,,,,,,,,,,,,,,,,,,,,,,,,,,,,,,,,,,,,,,,,,,,,,,,,,,,,,,,,,,,,,,,,,,,,,,,
2009-12-26,,6511000000.0,3090000000.0,,3996000000.0,,,,111000000.0,,,,54000000.0,53926000000.0,33332000000.0,17187000000.0,15024000000.0,,,7609000000.0,2346000000.0,,,8962000000.0,3412000000.0,9272000000.0,16000.0,,,,,,,,425000000.0,2590000000.0,922000000.0,,1180000000.0,,209000000.0,,-103000000.0,252000000.0,,,,-6000000.0,253000000.0,,6411000000.0,,,4758000000.0,1380000000.0,980000000.0,,,82000000.0,,,,956000000.0,-271000000.0,606000000.0,121000000.0,369000000.0,316000000.0,95000000.0,241000000.0,576000000.0,,18158000000.0,53926000000.0,13097000000.0,523000000.0,-3958000000.0,5781000000.0,3378000000.0,33000000.0,1686000000.0,4725000000.0,3690000000.0,1961000000.0,11000000.0,18000000.0,5000000.0,12000000.0,,6000000.0,,,4139000000.0,70000000.0,12922000000.0,12922000000.0,,5000000.0,6000000.0,376000000.0,374000000.0,6216000000.0,3199000000.0,3199000000.0,584000000.0,135000000.0,142000000.0,398000000.0,26695000000.0,15683000000.0,5631000000.0,,,1288000000.0,205000000.0,,292000000.0,690000000.0,,,,,35768000000.0,,,,,-20000000.0,-14000000.0,11000000.0,-34000000.0,,,,,,,,,,,,,,,,,,,,,,,,,,,,,,,,,,,,,,,,,,,,,,,,,,,,,,,,,,,,,,,,,,,,,,,,,,,,,,,,,,,,,,,,,,,,,,,,,,,,,,,,,,,,,,,,,,,,,,,,,,,,,,,,,,,,,,,,,,,,,,,,,,,,,,,,,,,,,,,,,,,,,,,,,,,,,,,,,,,,,,,,,,,,,,,,,,,,,,,,,,,,,,,,,,,,,,,,,,,,,,,,,,,,,,,,,,,,,,,,,,,,,,,,,,,,,,,,,,,,,,,,,,,,,,,,,,,,,,,,,,,,,,,,,,,,,,,,,,,,,,,,,,,,,,,
2010-03-27,,5666000000.0,2886000000.0,,4021000000.0,,,,125000000.0,,,,57000000.0,57057000000.0,32336000000.0,13137000000.0,18549000000.0,,,10018000000.0,4755000000.0,,,9553000000.0,3088000000.0,7874000000.0,127000.0,,,,,,,,893000000.0,2542000000.0,941000000.0,,1142000000.0,,425000000.0,,-262000000.0,413000000.0,,,,-9000000.0,480000000.0,,5625000000.0,,,4029000000.0,955000000.0,2144000000.0,,,79000000.0,,,,-18000000.0,-482000000.0,577000000.0,183000000.0,619000000.0,-287000000.0,47000000.0,263000000.0,638000000.0,,17709000000.0,57057000000.0,12229000000.0,685000000.0,-4041000000.0,8111000000.0,3074000000.0,50000000.0,1646000000.0,3979000000.0,4515000000.0,1925000000.0,-2000000.0,10000000.0,6000000.0,-20000000.0,,30000000.0,,,4539000000.0,-10000000.0,25061000000.0,25061000000.0,325000000.0,32000000.0,9000000.0,650000000.0,534000000.0,13331000000.0,8686000000.0,8686000000.0,588000000.0,137000000.0,141000000.0,426000000.0,29670000000.0,13499000000.0,,,,1220000000.0,231000000.0,,345000000.0,377000000.0,,,,,39348000000.0,,,,,33000000.0,-24000000.0,53000000.0,24000000.0,,,,,,,,,,,,,,,,,,,,,,,,,,,,,,,,,,,,,,,,,,,,,,,,,,,,,,,,,,,,,,,,,,,,,,,,,,,,,,,,,,,,,,,,,,,,,,,,,,,,,,,,,,,,,,,,,,,,,,,,,,,,,,,,,,,,,,,,,,,,,,,,,,,,,,,,,,,,,,,,,,,,,,,,,,,,,,,,,,,,,,,,,,,,,,,,,,,,,,,,,,,,,,,,,,,,,,,,,,,,,,,,,,,,,,,,,,,,,,,,,,,,,,,,,,,,,,,,,,,,,,,,,,,,,,,,,,,,,,,,,,,,,,,,,,,,,,,,,,,,,,,,,,,,,,,
2010-06-26,,8469000000.0,3447000000.0,,4452000000.0,81000000.0,42000000.0,-15000000.0,108000000.0,,,,52000000.0,64725000000.0,36033000000.0,,,,,9705000000.0,4442000000.0,,,10133000000.0,3236000000.0,9564000000.0,12000.0,,,,,,,,1298000000.0,2691000000.0,1021000000.0,,1216000000.0,,698000000.0,,-384000000.0,652000000.0,,,,-14000000.0,714000000.0,,6136000000.0,,,4292000000.0,1039000000.0,2657000000.0,,,77000000.0,,,,2812000000.0,79000000.0,806000000.0,487000000.0,1001000000.0,-239000000.0,1256000000.0,318000000.0,942000000.0,,21614000000.0,64725000000.0,15612000000.0,1001000000.0,-9471000000.0,12912000000.0,3253000000.0,58000000.0,1902000000.0,4234000000.0,3188000000.0,2119000000.0,24000000.0,13000000.0,-54000000.0,-42000000.0,,55000000.0,,,4981000000.0,36000000.0,41318000000.0,41318000000.0,615000000.0,63000000.0,10000000.0,1245000000.0,733000000.0,19758000000.0,14048000000.0,14048000000.0,590000000.0,155000000.0,157000000.0,464000000.0,32870000000.0,15700000000.0,5452000000.0,,,1438000000.0,219000000.0,146.42,353000000.0,559000000.0,64.45,137.61,202.0,,43111000000.0,,,100000000.0,,67000000.0,-50000000.0,65000000.0,25000000.0,-157000000.0,56000000.0,43834000000.0,9051000000.0,8738000000.0,313000000.0,14583000000.0,21551000000.0,43913000000.0,1926000000.0,7779000000.0,,,,,,,,3828000000.0,,405000000.0,7779000000.0,206000000.0,,184000000.0,,,206000000.0,22000000.0,24000000.0,184000000.0,133000000.0,,,1895000000.0,2952000000.0,6078000000.0,,2525000000.0,1153000000.0,511000000.0,,-17000000.0,879000000.0,217000000.0,346000000.0,508000000.0,73000000.0,1800000000.0,4245660000.0,52000000.0,100000000.0,,,,,,,,,,,,,,,,,,,,,,,,,,,,,,,,,,,,,,,,,,,,,,,,,,,,,,,,,,,,,,,,,,,,,,,,,,,,,,,,,,,,,,,,,,,,,,,,,,,,,,,,,,,,,,,,,,,,,,,,,,,,,,,,,,,,,,,,,,,,,,,,,,,,,,,,,,,,,,,,,,,,,,,,,,,,,,,,,,,,,,,,,,,,,,,,,,,,,,,,,,,,,,,,,,,,,,,,,,,,,,,,,,,,,,,,,,,,,,,,,,,,,,,,,,,,,,,,,,,
2010-09-25,,12015000000.0,5510000000.0,,5723000000.0,171000000.0,-252000000.0,35000000.0,-46000000.0,876000000.0,879000000.0,691000000.0,55000000.0,75183000000.0,41678000000.0,14359000000.0,25391000000.0,0.0,48000000.0,11261000000.0,5998000000.0,0.0,,10668000000.0,13890000000.0,39541000000.0,248000.0,,,2150000000.0,282000000.0,655000000.0,1676000000.0,-121000000.0,1440000000.0,2984000000.0,1139000000.0,-115000000.0,1636000000.0,72000000.0,1027000000.0,815000000.0,406000000.0,751000000.0,3826000000.0,69000000.0,161000000.0,-24000000.0,741000000.0,0.0,7512000000.0,0.0,13000000000.0,18540000000.0,4527000000.0,2697000000.0,-2125000000.0,6489000000.0,314000000.0,-165000000.0,351000000.0,23000000.0,6307000000.0,2142000000.0,1217000000.0,596000000.0,1610000000.0,778000000.0,2718000000.0,342000000.0,1051000000.0,271000000.0,27392000000.0,75183000000.0,20722000000.0,1257000000.0,-13854000000.0,18595000000.0,4308000000.0,155000000.0,7299000000.0,18385000000.0,3447000000.0,2263000000.0,123000000.0,-253000000.0,7000000.0,-73000000.0,43000000.0,-180000000.0,97000000.0,-72000000.0,5531000000.0,20000000.0,57793000000.0,57793000000.0,638000000.0,116000000.0,18000000.0,2005000000.0,912000000.0,24930000000.0,21788000000.0,21788000000.0,761000000.0,713000000.0,897000000.0,1782000000.0,37169000000.0,20343000000.0,22971000000.0,66006000000.0,9177000000.0,5517000000.0,879000000.0,147.56,1000000000.0,2000000000.0,62.69,136.27,202.0,540000000.0,47791000000.0,,,102000000.0,3000000.0,115000000.0,-174000000.0,-308000000.0,-123000000.0,,210000000.0,50831000000.0,5008000000.0,4679000000.0,329000000.0,14359000000.0,25391000000.0,49321000000.0,1690000000.0,9571000000.0,2563000000.0,-2566000000.0,2563000000.0,707000000.0,308000000.0,1369000000.0,0.0,4300000000.0,4979000000.0,436000000.0,9571000000.0,107000000.0,0.0,606000000.0,245000000.0,587000000.0,107000000.0,45000000.0,118000000.0,606000000.0,144000000.0,-43000000.0,48000000.0,2030000000.0,4414000000.0,10727000000.0,2100000000.0,2809000000.0,1231000000.0,663000000.0,761000000.0,-9000000.0,943000000.0,247000000.0,404000000.0,535000000.0,445000000.0,1900000000.0,4385291000.0,,,69000000.0,11000000.0,191000000.0,5129000000.0,150000000.0,17000000.0,18000000.0,83000000.0,39000000.0,74000000.0,75000000.0,266000000.0,226000000.0,244000000.0,260000000.0,267000000.0,826000000.0,271000000.0,123000000.0,-253000000.0,7000000.0,-123000000.0,-31000000.0,-73000000.0,43000000.0,154000000.0,157000000.0,406000000.0,799000000.0,3817663000.0,713000000.0,897000000.0,658000000.0,,,,,,,,,,,,,,,,,,,,,,,,,,,,,,,,,,,,,,,,,,,,,,,,,,,,,,,,,,,,,,,,,,,,,,,,,,,,,,,,,,,,,,,,,,,,,,,,,,,,,,,,,,,,,,,,,,,,,,,,,,,,,,,,,,,,,,,,,,,,,,,,,,,,,,,,,,,,,,,,,,,,,,,,,,,,,,,,,,,,,,,,,,,,,,,,,,,,,,,,,,,,,,,,,,,,,,,,,,,,,,,,,,
2010-12-25,,14301000000.0,6027000000.0,,5953000000.0,72000000.0,-9000000.0,51000000.0,114000000.0,,,,62000000.0,86742000000.0,43927000000.0,,,,,10734000000.0,-527000000.0,,,11502000000.0,6164000000.0,16443000000.0,15000.0,,,,,,,,823000000.0,3541000000.0,1216000000.0,,1724000000.0,,356000000.0,,,454000000.0,,,,,741000000.0,,10298000000.0,,,7963000000.0,1959000000.0,826000000.0,,,96000000.0,,,,2346000000.0,517000000.0,634000000.0,-166000000.0,558000000.0,653000000.0,433000000.0,522000000.0,885000000.0,,32076000000.0,86742000000.0,23795000000.0,429000000.0,-10729000000.0,9773000000.0,6004000000.0,136000000.0,2471000000.0,7827000000.0,3467000000.0,2954000000.0,-99000000.0,243000000.0,16000000.0,286000000.0,,-43000000.0,,,7065000000.0,23000000.0,19575000000.0,19575000000.0,,49000000.0,,1214000000.0,208000000.0,3279000000.0,6853000000.0,6853000000.0,904000000.0,253000000.0,396000000.0,575000000.0,43050000000.0,26741000000.0,9299000000.0,,,1896000000.0,299000000.0,183.71,659000000.0,944000000.0,56.01,105.82,0.0,,54666000000.0,,,,,-449000000.0,21000000.0,-69000000.0,29000000.0,,152000000.0,59675000000.0,,,518000000.0,16243000000.0,32730000000.0,59707000000.0,,,,,,,,,,5418000000.0,,455000000.0,,,,,,,194000000.0,82000000.0,21000000.0,108000000.0,149000000.0,,,2061000000.0,4847000000.0,10613000000.0,,3184000000.0,1647000000.0,806000000.0,,3000000.0,1000000000.0,254000000.0,450000000.0,,,2800000000.0,4055208000.0,,,,,,,,,,,,,,,,,,,,,,,,,,,,,183000000.0,,1400000000.0,3612242000.0,,,,967000000.0,,,,,,,,,,,,,,,,,,,,,,,,,,,,,,,,,,,,,,,,,,,,,,,,,,,,,,,,,,,,,,,,,,,,,,,,,,,,,,,,,,,,,,,,,,,,,,,,,,,,,,,,,,,,,,,,,,,,,,,,,,,,,,,,,,,,,,,,,,,,,,,,,,,,,,,,,,,,,,,,,,,,,,,,,,,,,,,,,,,,,,,,,,,,,,,,,,,,,,,,,,,,,,,,,,,,,,,,,,,,,,,,,
2011-03-26,,13714000000.0,5798000000.0,,7022000000.0,92000000.0,-91000000.0,125000000.0,126000000.0,,,,57000000.0,94904000000.0,46997000000.0,,,,,15978000000.0,4717000000.0,,,12326000000.0,5999000000.0,14449000000.0,15000.0,,,,,,,,1563000000.0,3591000000.0,1230000000.0,,1683000000.0,,790000000.0,,,740000000.0,,,,,741000000.0,,10218000000.0,,,7900000000.0,1913000000.0,1913000000.0,,,140000000.0,,,,1626000000.0,288000000.0,698000000.0,-121000000.0,1886000000.0,1674000000.0,883000000.0,507000000.0,930000000.0,,33427000000.0,94904000000.0,24327000000.0,976000000.0,-12251000000.0,15992000000.0,5987000000.0,26000000.0,2344000000.0,7874000000.0,4055000000.0,3885000000.0,20000000.0,-82000000.0,74000000.0,58000000.0,,-140000000.0,,,7870000000.0,-12000000.0,42260000000.0,42260000000.0,0.0,81000000.0,,1838000000.0,494000000.0,10211000000.0,21705000000.0,21705000000.0,1103000000.0,249000000.0,448000000.0,581000000.0,49025000000.0,24667000000.0,,,,1763000000.0,287000000.0,169.53,69000000.0,875000000.0,60.13,119.05,342.62,,61477000000.0,,,,,-90000000.0,-140000000.0,-227000000.0,-84000000.0,,,65736000000.0,,,,13256000000.0,36533000000.0,65767000000.0,,,,,,,,,,6150000000.0,,514000000.0,,,,,,,,,,,165000000.0,,,2187000000.0,5297000000.0,8460000000.0,,2750000000.0,1720000000.0,1237000000.0,,,1100000000.0,260000000.0,489000000.0,,64000000.0,,3645999000.0,,,,,,,,,,,,,25000000.0,,,,,,,,20000000.0,-82000000.0,74000000.0,,,58000000.0,,,179000000.0,258000000.0,2200000000.0,,,,931000000.0,747000000.0,2600000000.0,41000000.0,,,,,,,,,,,,,,,,,,,,,,,,,,,,,,,,,,,,,,,,,,,,,,,,,,,,,,,,,,,,,,,,,,,,,,,,,,,,,,,,,,,,,,,,,,,,,,,,,,,,,,,,,,,,,,,,,,,,,,,,,,,,,,,,,,,,,,,,,,,,,,,,,,,,,,,,,,,,,,,,,,,,,,,,,,,,,,,,,,,,,,,,,,,,,,,,,,,,,,,,,,,,,,,,,,,,,,,,,,,,,,,
2011-06-25,,15270000000.0,6102000000.0,,7597000000.0,232000000.0,21000000.0,136000000.0,389000000.0,,,,55000000.0,106758000000.0,46898000000.0,16304000000.0,47761000000.0,,,12091000000.0,830000000.0,,,12715000000.0,7571000000.0,16649000000.0,15000.0,,,,,,,,2232000000.0,3992000000.0,1407000000.0,,1892000000.0,,1271000000.0,,,915000000.0,,,,,741000000.0,,11922000000.0,,,9551000000.0,2243000000.0,2563000000.0,,,113000000.0,,,,2480000000.0,592000000.0,1276000000.0,-162000000.0,1551000000.0,2608000000.0,955000000.0,1169000000.0,889000000.0,,37415000000.0,106758000000.0,26859000000.0,1013000000.0,-27283000000.0,27100000000.0,7308000000.0,172000000.0,2543000000.0,9379000000.0,4251000000.0,3440000000.0,140000000.0,112000000.0,11000000.0,104000000.0,,8000000.0,,,9149000000.0,-34000000.0,75133000000.0,,0.0,266000000.0,,2615000000.0,577000000.0,16396000000.0,34301000000.0,,1190000000.0,288000000.0,375000000.0,628000000.0,56239000000.0,28571000000.0,,,,1915000000.0,284000000.0,183.53,637000000.0,248000000.0,63.2,124.71,342.62,,69343000000.0,,,,,-162000000.0,16000000.0,5000000.0,-45000000.0,,,75876000000.0,,,,,,76156000000.0,,,,,,,,,,7331000000.0,,546000000.0,,,,,,,,,,,172000000.0,,,2359000000.0,5369000000.0,6415000000.0,2700000000.0,2881000000.0,1818000000.0,1362000000.0,,,1200000000.0,266000000.0,534000000.0,,,,3036128000.0,,,,12000000.0,292000000.0,,,,,,,,26000000.0,,,,,,,,140000000.0,112000000.0,11000000.0,,,104000000.0,,,701000000.0,479000000.0,1700000000.0,,,,1130000000.0,1600000000.0,2300000000.0,14000000.0,2818845000.0,,,,,,,,,,,,,,,,,,,,,,,,,,,,,,,,,,,,,,,,,,,,,,,,,,,,,,,,,,,,,,,,,,,,,,,,,,,,,,,,,,,,,,,,,,,,,,,,,,,,,,,,,,,,,,,,,,,,,,,,,,,,,,,,,,,,,,,,,,,,,,,,,,,,,,,,,,,,,,,,,,,,,,,,,,,,,,,,,,,,,,,,,,,,,,,,,,,,,,,,,,,,,,,,,,,,,,,,,,,,,,
2011-09-24,,14632000000.0,5369000000.0,,9247000000.0,130000000.0,290000000.0,23000000.0,443000000.0,1168000000.0,,933000000.0,53000000.0,116371000000.0,44988000000.0,16137000000.0,55618000000.0,,30000000.0,9815000000.0,-1446000000.0,,,13331000000.0,26411000000.0,64431000000.0,,,,3884000000.0,769000000.0,762000000.0,2998000000.0,-167000000.0,2868000000.0,4091000000.0,1686000000.0,37000000.0,2014000000.0,90000000.0,1814000000.0,1600000000.0,520000000.0,1133000000.0,6882000000.0,192000000.0,602000000.0,,896000000.0,0.0,11380000000.0,0.0,24000000000.0,34205000000.0,8283000000.0,3338000000.0,-3898000000.0,11973000000.0,467000000.0,-9000000.0,552000000.0,167000000.0,2515000000.0,-143000000.0,1654000000.0,-275000000.0,1391000000.0,4495000000.0,1934000000.0,3536000000.0,776000000.0,338000000.0,39756000000.0,116371000000.0,27970000000.0,1444000000.0,-40419000000.0,37529000000.0,6623000000.0,415000000.0,10028000000.0,33790000000.0,4529000000.0,3556000000.0,-41000000.0,542000000.0,-12000000.0,450000000.0,-250000000.0,92000000.0,-50000000.0,17000000.0,10100000000.0,259000000.0,102317000000.0,,244000000.0,3192000000.0,,4260000000.0,831000000.0,20437000000.0,49416000000.0,,1240000000.0,1147000000.0,1626000000.0,2429000000.0,62841000000.0,28270000000.0,,,,7599000000.0,1168000000.0,189.08,1500000000.0,2600000000.0,67.63,128.42,342.62,799000000.0,76615000000.0,,,0.0,3000000.0,-704000000.0,-212000000.0,110000000.0,-158000000.0,,,81464000000.0,,,,,,81570000000.0,,,3150000000.0,-6018000000.0,3150000000.0,795000000.0,355000000.0,1610000000.0,0.0,8159000000.0,8896000000.0,590000000.0,,,0.0,,437000000.0,3973000000.0,,,,,184000000.0,,168000000.0,2599000000.0,6348000000.0,9891000000.0,3032000000.0,3641000000.0,1941000000.0,2038000000.0,1240000000.0,,1375000000.0,261000000.0,563000000.0,167000000.0,,,3508243000.0,,,192000000.0,158000000.0,264000000.0,9168000000.0,272000000.0,426000000.0,441000000.0,520000000.0,608000000.0,596000000.0,102000000.0,338000000.0,320000000.0,345000000.0,362000000.0,365000000.0,1302000000.0,338000000.0,-41000000.0,542000000.0,-12000000.0,489000000.0,-70000000.0,450000000.0,-250000000.0,29000000.0,728000000.0,520000000.0,1600000000.0,,1147000000.0,1626000000.0,1140000000.0,2400000000.0,2600000000.0,,3319374000.0,598000000.0,3991000000.0,2600000000.0,77000000.0,34205000000.0,-9000000.0,0.0,519000000.0,18000000.0,70000000.0,-40000000.0,-450000000.0,-250000000.0,-104000000.0,0.0,0.0,11768000000.0,7777000000.0,,,,,,,,,,,,,,,,,,,,,,,,,,,,,,,,,,,,,,,,,,,,,,,,,,,,,,,,,,,,,,,,,,,,,,,,,,,,,,,,,,,,,,,,,,,,,,,,,,,,,,,,,,,,,,,,,,,,,,,,,,,,,,,,,,,,,,,,,,,,,,,,,,,,,,,,,,,,,,,,,,,,,,,,,,,,,,,,,,,,,,,,,,,,,,,,,,,,,,,,,,,,
2011-12-31,,18221000000.0,8930000000.0,,11500000000.0,144000000.0,223000000.0,17000000.0,384000000.0,,,,78000000.0,138681000000.0,54771000000.0,19846000000.0,67445000000.0,,,10310000000.0,495000000.0,,,13961000000.0,13005000000.0,25630000000.0,,,,,,,,,1456000000.0,4886000000.0,2187000000.0,,1937000000.0,,721000000.0,,,333000000.0,,,,,896000000.0,,20703000000.0,,,17477000000.0,4413000000.0,1474000000.0,,,145000000.0,,,,4314000000.0,3561000000.0,1296000000.0,460000000.0,962000000.0,2472000000.0,1206000000.0,3472000000.0,1236000000.0,,48627000000.0,138681000000.0,34607000000.0,69000000.0,-17128000000.0,17554000000.0,13064000000.0,137000000.0,3363000000.0,17340000000.0,4958000000.0,4281000000.0,14000000.0,-67000000.0,-6000000.0,-154000000.0,,87000000.0,,,11833000000.0,34000000.0,40175000000.0,,0.0,108000000.0,,1321000000.0,91000000.0,3038000000.0,21472000000.0,,1676000000.0,401000000.0,837000000.0,758000000.0,75709000000.0,46333000000.0,,,,2605000000.0,420000000.0,213.94,1000000000.0,457000000.0,65.66,152.08,0.0,,90054000000.0,,,,,238000000.0,-68000000.0,142000000.0,,,,97521000000.0,,,,,,97601000000.0,,,,,,,,,,9725000000.0,,563000000.0,,,,,,,,,,,200000000.0,,,2742000000.0,7554000000.0,15988000000.0,3300000000.0,4605000000.0,2108000000.0,1545000000.0,1676000000.0,,1500000000.0,270000000.0,618000000.0,,,,3043317000.0,,,,203000000.0,283000000.0,,,,,,,,,,,,,,,,14000000.0,-67000000.0,-6000000.0,-59000000.0,,-154000000.0,,27000000.0,871000000.0,355000000.0,2000000000.0,,401000000.0,837000000.0,2520000000.0,2700000000.0,4400000000.0,,2967830000.0,,,,,,,,,,,,,,,0.0,,,,0.0,,,,,,,,,,,,,,,,,,,,,,,,,,,,,,,,,,,,,,,,,,,,,,,,,,,,,,,,,,,,,,,,,,,,,,,,,,,,,,,,,,,,,,,,,,,,,,,,,,,,,,,,,,,,,,,,,,,,,,,,,,,,,,,,,,,,,,,,,,,,,,,,,,,,,,,,,,,,,,,,,,,,,,,,,,,,,,,,,,,,,,,,,,,,,,,,,,,,,,,,,,,
2012-03-31,,17011000000.0,7042000000.0,,9778000000.0,393000000.0,105000000.0,26000000.0,524000000.0,,,,83000000.0,150934000000.0,50712000000.0,18417000000.0,81638000000.0,,,10121000000.0,306000000.0,,,14850000000.0,11762000000.0,20622000000.0,,,,,,,,,2915000000.0,5247000000.0,2446000000.0,,2253000000.0,,1461000000.0,,,636000000.0,,,,,1141000000.0,,18564000000.0,,,15532000000.0,3910000000.0,4835000000.0,,,156000000.0,,,,2809000000.0,1663000000.0,1916000000.0,326000000.0,1510000000.0,778000000.0,379000000.0,3604000000.0,1102000000.0,,48436000000.0,150934000000.0,32036000000.0,379000000.0,-31604000000.0,31531000000.0,11622000000.0,148000000.0,3180000000.0,15384000000.0,5050000000.0,4992000000.0,,,,,,-21000000.0,,,13954000000.0,48000000.0,85022000000.0,,350000000.0,160000000.0,,2778000000.0,377000000.0,7702000000.0,49052000000.0,,1678000000.0,464000000.0,466000000.0,841000000.0,87124000000.0,39186000000.0,,,,2339000000.0,424000000.0,,625000000.0,719000000.0,,,,,102498000000.0,,,,,146000000.0,-140000000.0,-32000000.0,,,,109752000000.0,,,,,,110176000000.0,,,,,,,,,,11704000000.0,,551000000.0,,,,,,,,,,,210000000.0,,,2930000000.0,6727000000.0,13585000000.0,3700000000.0,3943000000.0,2250000000.0,1746000000.0,1678000000.0,,1700000000.0,278000000.0,705000000.0,,,,4170553000.0,,,,76000000.0,500000000.0,,,,,,,,,,,,,,,,249000000.0,-118000000.0,9000000.0,140000000.0,,-97000000.0,,276000000.0,653000000.0,634000000.0,2600000000.0,,464000000.0,466000000.0,1299000000.0,2400000000.0,4400000000.0,,4073404000.0,561000000.0,5094000000.0,,,,,,,,,,,,,0.0,,13941000000.0,8847000000.0,0.0,1400000000.0,10000000000.0,,,,,,,,,,,,,,,,,,,,,,,,,,,,,,,,,,,,,,,,,,,,,,,,,,,,,,,,,,,,,,,,,,,,,,,,,,,,,,,,,,,,,,,,,,,,,,,,,,,,,,,,,,,,,,,,,,,,,,,,,,,,,,,,,,,,,,,,,,,,,,,,,,,,,,,,,,,,,,,,,,,,,,,,,,,,,,,,,,,,,,,,,,,,,,,,,,,,,,,,,
2012-06-30,,16808000000.0,7657000000.0,,10430000000.0,396000000.0,201000000.0,-65000000.0,532000000.0,,,,94000000.0,162896000000.0,51943000000.0,19709000000.0,89567000000.0,,,7945000000.0,-1870000000.0,,,15573000000.0,8832000000.0,20029000000.0,,,,,,,,,4066000000.0,5822000000.0,2530000000.0,,2309000000.0,,2296000000.0,,,1036000000.0,,,,,1132000000.0,,14994000000.0,,,11861000000.0,3037000000.0,5901000000.0,,,131000000.0,,,,2450000000.0,2278000000.0,2575000000.0,346000000.0,3238000000.0,1686000000.0,293000000.0,4329000000.0,1122000000.0,,51150000000.0,162896000000.0,33060000000.0,324000000.0,-43914000000.0,41720000000.0,8824000000.0,288000000.0,3421000000.0,11573000000.0,6560000000.0,5438000000.0,,,,,,150000000.0,,,15560000000.0,56000000.0,121091000000.0,,350000000.0,1067000000.0,,4834000000.0,433000000.0,10344000000.0,73140000000.0,,1565000000.0,436000000.0,323000000.0,876000000.0,95641000000.0,35023000000.0,,,,2545000000.0,448000000.0,,1500000000.0,332000000.0,,,,,111746000000.0,,,,,84000000.0,-38000000.0,237000000.0,,,,116712000000.0,,,,,,117221000000.0,,,,,,,,,,13195000000.0,,765000000.0,,,,,,,,,,,228000000.0,,,3086000000.0,6641000000.0,10637000000.0,4100000000.0,4642000000.0,2365000000.0,1279000000.0,1565000000.0,,1800000000.0,343000000.0,792000000.0,,,,3702090000.0,,,,72000000.0,581000000.0,,,,,,,,,,,,,,,,3000000.0,96000000.0,-91000000.0,8000000.0,,-54000000.0,,22000000.0,1300000000.0,1145000000.0,3100000000.0,,436000000.0,323000000.0,1598000000.0,4500000000.0,4300000000.0,,3652052000.0,581000000.0,5718000000.0,,,11861000000.0,,,,,19000000.0,,54000000.0,,,0.0,0.0,16205000000.0,10487000000.0,0.0,302000000.0,10000000000.0,120000000.0,170000000.0,,,,,,,,,,,,,,,,,,,,,,,,,,,,,,,,,,,,,,,,,,,,,,,,,,,,,,,,,,,,,,,,,,,,,,,,,,,,,,,,,,,,,,,,,,,,,,,,,,,,,,,,,,,,,,,,,,,,,,,,,,,,,,,,,,,,,,,,,,,,,,,,,,,,,,,,,,,,,,,,,,,,,,,,,,,,,,,,,,,,,,,,,,,,,,,,,,,,,,,
2012-09-29,,21175000000.0,10930000000.0,,11414000000.0,731000000.0,-240000000.0,8000000.0,499000000.0,1740000000.0,,1000000000.0,98000000.0,176064000000.0,57653000000.0,18383000000.0,92122000000.0,,,10746000000.0,931000000.0,,,16422000000.0,41789000000.0,87846000000.0,,,,7240000000.0,1203000000.0,1182000000.0,5018000000.0,-490000000.0,4405000000.0,5953000000.0,2648000000.0,-123000000.0,2583000000.0,114000000.0,3277000000.0,2600000000.0,1200000000.0,1351000000.0,12258000000.0,,713000000.0,,1135000000.0,0.0,14401000000.0,0.0,36800000000.0,55763000000.0,14030000000.0,7682000000.0,-5895000000.0,19517000000.0,567000000.0,162000000.0,677000000.0,103000000.0,4467000000.0,5551000000.0,2824000000.0,15000000.0,3162000000.0,2552000000.0,1414000000.0,4224000000.0,791000000.0,,57854000000.0,176064000000.0,38542000000.0,-1698000000.0,-48227000000.0,50856000000.0,8223000000.0,522000000.0,13421000000.0,55241000000.0,6458000000.0,5478000000.0,,,,,,-131000000.0,-73000000.0,421000000.0,16664000000.0,48000000.0,151232000000.0,,350000000.0,1107000000.0,,8295000000.0,665000000.0,13035000000.0,99770000000.0,,,,,3381000000.0,101289000000.0,35966000000.0,,,,10040000000.0,1740000000.0,,3300000000.0,2300000000.0,,,,1059000000.0,118210000000.0,,,3000000.0,10000000.0,607000000.0,-655000000.0,-180000000.0,,,,120220000000.0,,,,,,121251000000.0,,,4300000000.0,-10868000000.0,4300000000.0,947000000.0,411000000.0,1346000000.0,0.0,13847000000.0,14712000000.0,735000000.0,,,0.0,,1042000000.0,5266000000.0,,,,,241000000.0,,328000000.0,3464000000.0,7762000000.0,13403000000.0,4414000000.0,5104000000.0,2817000000.0,1492000000.0,1638000000.0,,2062000000.0,401000000.0,889000000.0,245000000.0,278000000.0,,3531000000.0,,,605000000.0,20000000.0,1051000000.0,15168000000.0,456000000.0,,,,,,,516000000.0,486000000.0,513000000.0,542000000.0,556000000.0,1801000000.0,488000000.0,601000000.0,-530000000.0,-15000000.0,56000000.0,-114000000.0,-399000000.0,220000000.0,715000000.0,1200000000.0,1226000000.0,3000000000.0,,1786000000.0,2184000000.0,1535000000.0,988000000.0,4200000000.0,,3507000000.0,910000000.0,6435000000.0,,113000000.0,55763000000.0,162000000.0,0.0,1088000000.0,13000000.0,114000000.0,68000000.0,399000000.0,220000000.0,-566000000.0,0.0,0.0,21887000000.0,15452000000.0,2500000000.0,,10000000000.0,120000000.0,170000000.0,1740000000.0,121251000000.0,8000000.0,1145000000.0,17000.0,673000000.0,635000000.0,758000000.0,753000000.0,737000000.0,4124000000.0,245000000.0,0.0,0.0,667000000.0,124000000.0,0.0,-1698000000.0,-48227000000.0,50856000000.0,0.0,10000000000.0,40400000000.0,107000000.0,140000000.0,467000000.0,340000000.0,,,,,,,,,,,,,,,,,,,,,,,,,,,,,,,,,,,,,,,,,,,,,,,,,,,,,,,,,,,,,,,,,,,,,,,,,,,,,,,,,,,,,,,,,,,,,,,,,,,,,,,,,,,,,,,,,,,,,,,,,,,,,,,,,,,,,,,,,,,,,,,,,,,,,,,,,,,,,,,,,,,,,,,,,,,,
2012-12-29,,26398000000.0,11598000000.0,,13207000000.0,612000000.0,18000000.0,-18000000.0,612000000.0,,,,119000000.0,196088000000.0,72348000000.0,23666000000.0,97292000000.0,,,16154000000.0,5408000000.0,,,17167000000.0,13191000000.0,33452000000.0,,,,,,,,,1179000000.0,7274000000.0,2938000000.0,,2895000000.0,,1588000000.0,,,404000000.0,,,,,1381000000.0,,21060000000.0,,,17672000000.0,4594000000.0,1890000000.0,,,214000000.0,,,,6145000000.0,668000000.0,1611000000.0,664000000.0,-413000000.0,2373000000.0,2174000000.0,4462000000.0,1455000000.0,,68742000000.0,196088000000.0,46879000000.0,-4497000000.0,-13521000000.0,23426000000.0,13078000000.0,462000000.0,3850000000.0,17210000000.0,6644000000.0,5183000000.0,,,,,,146000000.0,,,18925000000.0,52000000.0,37192000000.0,,284000000.0,138000000.0,,2317000000.0,76000000.0,3460000000.0,23002000000.0,,,,,1010000000.0,109567000000.0,54512000000.0,,,,2840000000.0,545000000.0,,1500000000.0,347000000.0,,,,,127346000000.0,,,,,-159000000.0,9000000.0,241000000.0,,,,136248000000.0,,,,,,137112000000.0,,,,,,,,,,15654000000.0,,750000000.0,,,,,,,,,,,,,,3593000000.0,9936000000.0,31241000000.0,4500000000.0,5746000000.0,3271000000.0,1593000000.0,2310000000.0,,2200000000.0,444000000.0,963000000.0,,78000000.0,,2205000000.0,,,,87000000.0,951000000.0,,,,,,,,,,,,,,,,-119000000.0,258000000.0,-26000000.0,113000000.0,,112000000.0,,-66000000.0,1300000000.0,534000000.0,2600000000.0,,686000000.0,1358000000.0,1993000000.0,904000000.0,5600000000.0,,2188000000.0,815000000.0,7792000000.0,,,17672000000.0,,0.0,421000000.0,,53000000.0,,-112000000.0,,41000000.0,1950000000.0,,23214000000.0,15422000000.0,2486000000.0,,10000000000.0,120000000.0,170000000.0,,,,,,,,,,,,,,0.0,,,,,,,,,,,,,,,,,,,,,,,,,,,,,,,,,,,,,,,,,,,,,,,,,,,,,,,,,,,,,,,,,,,,,,,,,,,,,,,,,,,,,,,,,,,,,,,,,,,,,,,,,,,,,,,,,,,,,,,,,,,,,,,,,,,,,,,,,,,,,,,,,,,,,,,,,,,,,,,,,,,,,,,,,,,,,,,,,,,,,,,,,
2013-03-30,,14912000000.0,7084000000.0,,13331000000.0,516000000.0,517000000.0,-69000000.0,964000000.0,,,,99000000.0,194743000000.0,63337000000.0,27084000000.0,105550000000.0,,,12053000000.0,1307000000.0,,,17954000000.0,9899000000.0,27254000000.0,,,,,,,,,1957000000.0,7265000000.0,2877000000.0,,3242000000.0,,3280000000.0,,,502000000.0,,,,,1400000000.0,,16349000000.0,,,12905000000.0,3358000000.0,4258000000.0,,,195000000.0,,,,-4422000000.0,-3846000000.0,1541000000.0,454000000.0,-1269000000.0,3658000000.0,-1510000000.0,4136000000.0,1245000000.0,,59253000000.0,194743000000.0,35508000000.0,-6745000000.0,-27878000000.0,35930000000.0,9547000000.0,347000000.0,3791000000.0,12558000000.0,6377000000.0,5294000000.0,,,,,,457000000.0,,,20868000000.0,93000000.0,81163000000.0,,299000000.0,429000000.0,,4325000000.0,275000000.0,9243000000.0,49188000000.0,,,,,1119000000.0,116572000000.0,43603000000.0,,,,2672000000.0,575000000.0,,151000000.0,211000000.0,,,,,135490000000.0,,,,,-29000000.0,-60000000.0,811000000.0,,,,144003000000.0,,,,,,144687000000.0,,,,,,,,,,16481000000.0,,792000000.0,,,,,,,,,,,,,,3639000000.0,6252000000.0,17001000000.0,4500000000.0,5702000000.0,4387000000.0,1444000000.0,3014000000.0,,3200000000.0,539000000.0,1100000000.0,,,,1620000000.0,,,,139000000.0,823000000.0,,,,,,,,,,,,,,,,-96000000.0,499000000.0,-51000000.0,352000000.0,,42000000.0,,-52000000.0,1000000000.0,588000000.0,2600000000.0,,847000000.0,1551000000.0,1610000000.0,1400000000.0,5300000000.0,,1611000000.0,769000000.0,9168000000.0,,,12905000000.0,,0.0,420000000.0,,44000000.0,,-42000000.0,,-73000000.0,1950000000.0,,24194000000.0,15026000000.0,2490000000.0,,,800000000.0,850000000.0,,,,,,,,,,,,,,0.0,,,,-6745000000.0,-27878000000.0,35930000000.0,,,,,,,,,,,,,,,,,,,,,,,,,,,,,,,,,,,,,,,,,,,,,,,,,,,,,,,,,,,,,,,,,,,,,,,,,,,,,,,,,,,,,,,,,,,,,,,,,,,,,,,,,,,,,,,,,,,,,,,,,,,,,,,,,,,,,,,,,,,,,,,,,,,,,,,,,,,,,,,,,,,,,,,,,,,,,,,,,,,
2013-04-30,,,,,,,,,,,,,,,,,,,,,,,,,,,,,,,,,,,,,,,,,,,,,,,,,,,,,,,,,,,,,,,,,,,,,,,,,,,,,,,,,,,,,,,,,,,,,,,,,,,,,,,,,,,,,,,,,,,,,,,,,,,,,,,,,,,,,,,,,,,,,,,,,,,,,,,,,,,,,,,,,,,,,,,,,,,,,,,,,,,,,,,,,,,,,,,,,,,,,,,,,,,,,,,,,,,,,,,,,,,,,,,,,,,,,,,,,,,,,,,,,,,,,,,,,,,,,,,,,,,,,,,,,60000000000.0,,,,,,,,,,,,,,,,,,,,,,,,,,,,,,,,,,,,,,,,,,,,,,,,,,,,,,,,,,,,,,,,,,,,,,,,,,,,,,,,,,,,,,,,,,,,,,,,,,,,,,,,,,,,,,,,,,,,,,,,,,,,,,,,,,,,,,,,,,,,,,,,,,,,,,,,,,,,,,,,,,,,,,,,,,,,,,,,,
2013-06-29,,15516000000.0,8839000000.0,,13470000000.0,-413000000.0,348000000.0,-169000000.0,-234000000.0,,,,104000000.0,199856000000.0,68219000000.0,31358000000.0,104014000000.0,,,11248000000.0,502000000.0,,,19024000000.0,5702000000.0,22299000000.0,,,,,,,,,2524000000.0,7333000000.0,2672000000.0,,3193000000.0,,4974000000.0,,,644000000.0,,,,,1522000000.0,,13024000000.0,,,,2535000000.0,7188000000.0,,,197000000.0,,,,-4740000000.0,-2091000000.0,1404000000.0,906000000.0,-484000000.0,3556000000.0,-3148000000.0,4353000000.0,1697000000.0,,76502000000.0,199856000000.0,36319000000.0,-8871000000.0,-34385000000.0,43758000000.0,6900000000.0,234000000.0,3823000000.0,9201000000.0,7270000000.0,5421000000.0,,,,,,188000000.0,,,20553000000.0,188000000.0,122681000000.0,,443000000.0,560000000.0,,6210000000.0,335000000.0,13963000000.0,81734000000.0,,,,,1178000000.0,104564000000.0,35323000000.0,,,,2645000000.0,578000000.0,,1200000000.0,180000000.0,,,,,123354000000.0,,,,,490000000.0,-63000000.0,331000000.0,,,,147323000000.0,,,,,,,,,,,,,,,,16070000000.0,,1006000000.0,,,,,,,,,,,,,,,4614000000.0,,4600000000.0,6050000000.0,4483000000.0,1255000000.0,2717000000.0,,3400000000.0,501000000.0,1200000000.0,,,,1221000000.0,,,,,,,,,,,,,,,,,,,,,-929000000.0,-169000000.0,-100000000.0,-1198000000.0,,,,-883000000.0,1100000000.0,1001000000.0,2200000000.0,,1033000000.0,736000000.0,1290000000.0,1400000000.0,5100000000.0,,1212000000.0,1152000000.0,10562000000.0,,,9435000000.0,,53000000.0,385000000.0,,46000000.0,,357000000.0,,-98000000.0,17950000000.0,16896000000.0,26889000000.0,16327000000.0,2789000000.0,,,125000000.0,225000000.0,578000000.0,146620000000.0,,,,,,,,,,369000000.0,,0.0,,,16958000000.0,-8871000000.0,-34385000000.0,43758000000.0,0.0,,,,,,,167000000.0,93000000.0,17000000000.0,42000000.0,53000000.0,14500000000.0,0.0,2500000000.0,0.0,0.0,0.0,4000000000.0,,,,,,,,,,,,,,,,,,,,,,,,,,,,,,,,,,,,,,,,,,,,,,,,,,,,,,,,,,,,,,,,,,,,,,,,,,,,,,,,,,,,,,,,,,,,,,,,,,,,,,,,,,,,,,,,,,,,,,,,,,,,,,,,,,,,,,,,,,,,,,,,,,,,,,,,,,,,,,,,
2013-09-28,,22367000000.0,13102000000.0,,13856000000.0,-191000000.0,-175000000.0,-105000000.0,-471000000.0,2253000000.0,,1100000000.0,99000000.0,207000000000.0,73286000000.0,26287000000.0,106215000000.0,,,14259000000.0,3513000000.0,,,19764000000.0,36067000000.0,106606000000.0,,,,9334000000.0,1559000000.0,1084000000.0,1878000000.0,-426000000.0,1141000000.0,7435000000.0,2625000000.0,-311000000.0,3453000000.0,135000000.0,6757000000.0,5800000000.0,1100000000.0,701000000.0,11212000000.0,,1133000000.0,,1577000000.0,0.0,13871000000.0,0.0,30500000000.0,,13118000000.0,9128000000.0,-4614000000.0,17554000000.0,816000000.0,,508000000.0,287000000.0,2340000000.0,2172000000.0,1459000000.0,973000000.0,-1080000000.0,4521000000.0,-223000000.0,4179000000.0,1764000000.0,,83451000000.0,207000000000.0,43658000000.0,-16379000000.0,-33774000000.0,53666000000.0,7512000000.0,1156000000.0,15305000000.0,48999000000.0,6882000000.0,5146000000.0,,,,,,522000000.0,351000000.0,-458000000.0,20208000000.0,160000000.0,148489000000.0,,496000000.0,911000000.0,,8165000000.0,530000000.0,20317000000.0,104130000000.0,,,,,4475000000.0,104256000000.0,37472000000.0,,,,10830000000.0,2253000000.0,,3100000000.0,1000000000.0,,,,773000000.0,123549000000.0,,,592000000.0,9000000.0,670000000.0,-300000000.0,1046000000.0,,,,147143000000.0,,,,,,,,,5874000000.0,-12282000000.0,5874000000.0,1029000000.0,458000000.0,1892000000.0,0.0,16489000000.0,18044000000.0,959000000.0,,,0.0,,2002000000.0,6081000000.0,,,,,,,308000000.0,,7539000000.0,,4721000000.0,6177000000.0,3719000000.0,1262000000.0,2967000000.0,,2714000000.0,590000000.0,1400000000.0,,164000000.0,,1405000000.0,,,960000000.0,,,18156000000.0,112000000.0,,,,,,,610000000.0,505000000.0,551000000.0,587000000.0,613000000.0,1855000000.0,645000000.0,-922000000.0,64000000.0,-112000000.0,-970000000.0,,,,-791000000.0,,1082000000.0,,,3703000000.0,5032000000.0,1200000000.0,1300000000.0,4700000000.0,,1396000000.0,1291000000.0,11922000000.0,,,50155000000.0,265000000.0,136000000.0,1616000000.0,35000000.0,131000000.0,82000000.0,458000000.0,255000000.0,-324000000.0,22860000000.0,16896000000.0,28519000000.0,16597000000.0,2763000000.0,,,140000000.0,160000000.0,2253000000.0,146761000000.0,,1475000000.0,,1050000000.0,434000000.0,606000000.0,833000000.0,985000000.0,4079000000.0,419000000.0,0.0,0.0,1081000000.0,683000000.0,16960000000.0,-16379000000.0,-33774000000.0,53666000000.0,0.0,,54400000000.0,118000000.0,189000000.0,626000000.0,745000000.0,,,17000000000.0,40000000.0,136000000.0,8500000000.0,6000000000.0,0.0,2500000000.0,0.0,,22950000000.0,414000000.0,796000000.0,0.0,19764000000.0,18156000000.0,17500.0,-57000000.0,100000000.0,0.0,17588000000.0,8165000000.0,22950000000.0,,,,,,,,,,,,,,,,,,,,,,,,,,,,,,,,,,,,,,,,,,,,,,,,,,,,,,,,,,,,,,,,,,,,,,,,,,,,,,,,,,,,,,,,,,,,,,,,,,,,,,,,,,,,,,,,,,,,,,,,,,,,,,,,,,,,,,,,,,,,,,,,,,,,
2013-12-28,,29588000000.0,14200000000.0,,15824000000.0,,,,-306000000.0,,,,94000000.0,225184000000.0,80347000000.0,26634000000.0,118131000000.0,,,14077000000.0,-182000000.0,,,20559000000.0,13237000000.0,35748000000.0,,,,,,,,,1253000000.0,8357000000.0,3071000000.0,,3742000000.0,,2144000000.0,,,280000000.0,,,,,2022000000.0,,21846000000.0,,,,4637000000.0,3387000000.0,,,265000000.0,,,,8191000000.0,1098000000.0,1368000000.0,358000000.0,319000000.0,1195000000.0,3459000000.0,4105000000.0,2122000000.0,,95500000000.0,225184000000.0,53769000000.0,-7749000000.0,-15103000000.0,22670000000.0,13072000000.0,246000000.0,4383000000.0,17463000000.0,8574000000.0,5091000000.0,,,,,,213000000.0,,,21699000000.0,-5000000.0,48397000000.0,,525000000.0,59000000.0,,1985000000.0,134000000.0,5556000000.0,30302000000.0,,,,,1330000000.0,109431000000.0,57594000000.0,,,,3053000000.0,681000000.0,,1100000000.0,559000000.0,,,,,129684000000.0,,,,,-78000000.0,-2000000.0,309000000.0,,,,159245000000.0,,,,,,,,,,,,,,,,18306000000.0,,1002000000.0,,,,,2266000000.0,,,,,,,,,,10998000000.0,,4700000000.0,6141000000.0,3393000000.0,1475000000.0,3980000000.0,,3000000000.0,643000000.0,1500000000.0,,,,1124000000.0,,,,,,,,,,,,,,,,,,,,,-53000000.0,285000000.0,-67000000.0,165000000.0,,,,-42000000.0,,365000000.0,,,1064000000.0,2077000000.0,2083000000.0,1500000000.0,6600000000.0,,1114000000.0,1143000000.0,13800000000.0,,,17709000000.0,,84000000.0,427000000.0,,11000000.0,,-72000000.0,,-97000000.0,5029000000.0,0.0,29288000000.0,15488000000.0,2739000000.0,,,,,681000000.0,158842000000.0,,,,,,,,,,440000000.0,,161000000.0,1599000000.0,523000000.0,16961000000.0,-7749000000.0,-15103000000.0,22670000000.0,0.0,,,,,,,156000000.0,71000000.0,17000000000.0,39000000.0,84000000.0,8500000000.0,6000000000.0,0.0,2500000000.0,0.0,,5000000000.0,,,,,,,66000000.0,,0.0,,1985000000.0,,103000000.0,17000000.0,-88000000.0,9000000.0,-71000000.0,-71000000.0,9543000000.0,,,,,,,,,,,,,,,,,,,,,,,,,,,,,,,,,,,,,,,,,,,,,,,,,,,,,,,,,,,,,,,,,,,,,,,,,,,,,,,,,,,,,,,,,,,,,,,,,,,,,,,,,,,,,,,,,,,,,,,,,,,,,,,,,,,,,,,,,,,,,
2014-03-29,,18914000000.0,9700000000.0,,15984000000.0,,,,-251000000.0,,,,88000000.0,205989000000.0,70541000000.0,22401000000.0,109239000000.0,,,18949000000.0,4690000000.0,,,,10278000000.0,27699000000.0,,,,,,,,,2059000000.0,8310000000.0,3164000000.0,,4014000000.0,,4031000000.0,,,363000000.0,,,,,2055000000.0,,17947000000.0,,,,3595000000.0,5369000000.0,,,230000000.0,,,,-2375000000.0,-3401000000.0,1414000000.0,65000000.0,-14000000.0,1638000000.0,-1419000000.0,3928000000.0,1829000000.0,,85810000000.0,205989000000.0,43208000000.0,,,,10223000000.0,225000000.0,4354000000.0,13593000000.0,7528000000.0,5106000000.0,,,,,,-109000000.0,,,22476000000.0,23000000.0,90360000000.0,,559000000.0,163000000.0,,3367000000.0,341000000.0,10869000000.0,80241000000.0,,,,,1422000000.0,98934000000.0,45646000000.0,,,,2932000000.0,696000000.0,,198000000.0,148000000.0,,,,,120179000000.0,,,95000000.0,,18000000.0,-8000000.0,-167000000.0,,,,150698000000.0,,,,,,,,,,,,,,,,19471000000.0,,980000000.0,,,,,2533000000.0,6361000000.0,,,,,,,,,6120000000.0,,4800000000.0,5928000000.0,3005000000.0,1145000000.0,4368000000.0,,3000000000.0,590000000.0,1600000000.0,,,,926000000.0,,,,,,,,,,,,,,,,,,,,,196000000.0,-122000000.0,-19000000.0,55000000.0,,,,235000000.0,,430000000.0,,,865000000.0,1253000000.0,2160000000.0,2800000000.0,6400000000.0,,,1403000000.0,15286000000.0,,,13818000000.0,,85000000.0,410000000.0,,39000000.0,,13000000.0,,-100000000.0,23000000000.0,0.0,30406000000.0,15120000000.0,2655000000.0,,,40000000.0,70000000.0,696000000.0,150589000000.0,,,,,,,,,3828000000.0,474000000.0,,161000000.0,1385000000.0,444000000.0,16962000000.0,-28156000000.0,-3362000000.0,36208000000.0,0.0,,,,,,,165000000.0,80000000.0,17000000000.0,38000000.0,84000000.0,8500000000.0,6000000000.0,0.0,2500000000.0,0.0,,6000000000.0,,,,21496000000.0,,,73000000.0,100000000.0,0.0,,3367000000.0,,319000000.0,60000000.0,14000000.0,96000000.0,74000000.0,3000000.0,9247000000.0,-68000000.0,,,,,,,,,,,,,,,,,,,,,,,,,,,,,,,,,,,,,,,,,,,,,,,,,,,,,,,,,,,,,,,,,,,,,,,,,,,,,,,,,,,,,,,,,,,,,,,,,,,,,,,,,,,,,,,,,,,,,,,,,,,,,,,,,,,,,,,,,,,,
2014-04-30,,,,,,,,,,,,,,,,,,,,,,,,,,,,,,,,,,,,,,,,,,,,,,,,,,,,,,,,,,,,,,,,,,,,,,,,,,,,,,,,,,,,,,,,,,,,,,,,,,,,,,,,,,,,,,,,,,,,,,,,,,,,,,,,,,,,,,,,,,,,,,,,,,,,,,,,,,,,,,,,,,,,,,,,,,,,,,,,,,,,,,,,,,,,,,,,,,,,,,,,,,,,,,,,,,,,,,,,,,,,,,,,,,,,,,,,,,,,,,,,,,,,,,,,,,,,,,,,,,,,,,,,,90000000000.0,,,,,,,,,,,,,,,,,,,,,,,,,,,,,,,,,,,,,,,,,,,,,,,,,,,,,,,,,,,,,,,,,,,,,,,,,,,,,,,,,,,,,,,,,,,,,,,,,,,,,,,,,,,,,,,,,,,,,,,,,,,,,,,,,,,,,,,,,,,,,,,,,,,,,,,,,,,,,,,,,,,,,,,,,,,,,,,,,
2014-06-28,,20535000000.0,10788000000.0,,15264000000.0,,,,86000000.0,,,,86000000.0,222520000000.0,67949000000.0,24828000000.0,126685000000.0,,,12977000000.0,-1282000000.0,,,,8085000000.0,22697000000.0,,,,,,,,,3154000000.0,8396000000.0,3058000000.0,,3884000000.0,,5977000000.0,,,562000000.0,,,,,2374000000.0,,14735000000.0,,,,2736000000.0,8013000000.0,,,260000000.0,,,,-2531000000.0,-2314000000.0,1394000000.0,-170000000.0,-931000000.0,424000000.0,-1486000000.0,3767000000.0,1594000000.0,,101580000000.0,222520000000.0,46205000000.0,,,,7748000000.0,202000000.0,4453000000.0,10282000000.0,7825000000.0,4160000000.0,,,,,,-65000000.0,,,23287000000.0,-7000000.0,160662000000.0,,898000000.0,216000000.0,,5745000000.0,435000000.0,15111000000.0,126827000000.0,,,,,1603000000.0,98715000000.0,37432000000.0,,,,2850000000.0,2101000000.0,,1300000000.0,271000000.0,,,,,120940000000.0,,,,,,,,,,,164116000000.0,,,,,,,,,,,,,,,,20159000000.0,,1234000000.0,,,,,2805000000.0,6472000000.0,,,,,,,,,6053000000.0,,5000000000.0,5775000000.0,3128000000.0,890000000.0,4242000000.0,,3100000000.0,606000000.0,1600000000.0,,,,908000000.0,,,,,,,,,,,,,,,,,,,,,325000000.0,-39000000.0,51000000.0,337000000.0,,,,357000000.0,,839000000.0,,,882000000.0,756000000.0,1437000000.0,5600000000.0,6100000000.0,,,1686000000.0,16868000000.0,,,10484000000.0,,100000000.0,439000000.0,,32000000.0,,-26000000.0,,-137000000.0,28000000000.0,11960000000.0,34453000000.0,17585000000.0,2830000000.0,,,400000000.0,550000000.0,724000000.0,164490000000.0,,,,,,,,,3667000000.0,789000000.0,,322000000.0,1279000000.0,315000000.0,29030000000.0,-22169000000.0,-25576000000.0,46463000000.0,2010000000.0,,,,,,,247000000.0,138000000.0,29000000000.0,53000000.0,100000000.0,18000000000.0,6000000000.0,2500000000.0,2500000000.0,0.0,0.0,,661000000.0,287000000.0,2010000000.0,22139000000.0,,,128000000.0,100000000.0,,,5745000000.0,,,50000000.0,-33000000.0,266000000.0,17000000.0,,9850000000.0,,843000000.0,,,,,,,,,,,,,,,,,,,,,,,,,,,,,,,,,,,,,,,,,,,,,,,,,,,,,,,,,,,,,,,,,,,,,,,,,,,,,,,,,,,,,,,,,,,,,,,,,,,,,,,,,,,,,,,,,,,,,,,,,,,,,,,,,,,,,,,,,,,
2014-09-27,,30196000000.0,17460000000.0,,18453000000.0,,,,1082000000.0,2863000000.0,,1200000000.0,86000000.0,231839000000.0,68531000000.0,11233000000.0,130162000000.0,,,13844000000.0,-415000000.0,,,,41063000000.0,112258000000.0,,,,8624000000.0,2147000000.0,855000000.0,3183000000.0,-658000000.0,2347000000.0,8491000000.0,3031000000.0,-178000000.0,4318000000.0,163000000.0,7946000000.0,6900000000.0,1200000000.0,739000000.0,11807000000.0,,1489000000.0,,4616000000.0,0.0,16009000000.0,,33600000000.0,,13973000000.0,10026000000.0,-4744000000.0,18719000000.0,1000000000.0,,469000000.0,88000000.0,5938000000.0,4232000000.0,1460000000.0,76000000.0,-167000000.0,6010000000.0,2220000000.0,4142000000.0,2111000000.0,,120292000000.0,231839000000.0,63448000000.0,,,,8467000000.0,980000000.0,18034000000.0,52503000000.0,9806000000.0,3764000000.0,,,,,,1390000000.0,297000000.0,153000000.0,24826000000.0,-26000000.0,217128000000.0,,3765000000.0,242000000.0,10000000.0,9571000000.0,730000000.0,18810000000.0,189301000000.0,,,,,6041000000.0,87152000000.0,42123000000.0,,,,11993000000.0,2863000000.0,,3400000000.0,1500000000.0,,,,677000000.0,111547000000.0,,,574000000.0,4000000.0,,,,,,,155332000000.0,,,,,,,,,6544000000.0,-15120000000.0,6822000000.0,227000000.0,454000000.0,3326000000.0,0.0,20259000000.0,21544000000.0,1209000000.0,,,,,3085000000.0,7127000000.0,,,,,,,495000000.0,,9759000000.0,,4987000000.0,8498000000.0,4567000000.0,1057000000.0,4159000000.0,,4033000000.0,630000000.0,1400000000.0,,,,520000000.0,,,1100000000.0,,,,398000000.0,,,,,,,662000000.0,534000000.0,593000000.0,645000000.0,676000000.0,1877000000.0,717000000.0,151000000.0,1539000000.0,-137000000.0,1553000000.0,,,,285000000.0,,1158000000.0,,,3760000000.0,4952000000.0,1209000000.0,3400000000.0,6300000000.0,,,2321000000.0,18391000000.0,,,53483000000.0,112000000.0,384000000.0,1795000000.0,50000000.0,134000000.0,71000000.0,-149000000.0,-36000000.0,-431000000.0,45000000000.0,11960000000.0,39015000000.0,20624000000.0,2807000000.0,,,,,2863000000.0,155239000000.0,,1787000000.0,,1204000000.0,175000000.0,592000000.0,825000000.0,1083000000.0,4042000000.0,,0.0,339000000.0,1640000000.0,471000000.0,28987000000.0,-37549000000.0,-22579000000.0,59713000000.0,6306000000.0,90000000000.0,69700000000.0,280000000.0,40000000.0,882000000.0,1295000000.0,,,29000000000.0,52000000.0,381000000.0,15000000000.0,3000000000.0,6000000000.0,2500000000.0,2500000000.0,,45000000000.0,418000000.0,511000000.0,6308000000.0,23313000000.0,21942000000.0,17500.0,-549000000.0,100000000.0,0.0,21502000000.0,9571000000.0,45000000000.0,,205000000.0,-185000000.0,365000000.0,20000000.0,,,-166000000.0,1938000000.0,15120000000.0,4318000000.0,163000000.0,570000000.0,0.0,28987000000.0,6306000000.0,4441000000.0,1865000000.0,4771000000.0,0.0,330000000.0,,,,,,,,,,,,,,,,,,,,,,,,,,,,,,,,,,,,,,,,,,,,,,,,,,,,,,,,,,,,,,,,,,,,,,,,,,,,,,,,,,,,,,,,,,,,,,,,,,,,,,,,,,,,,,,,,,,,,,,,,,,,,,,
2014-12-27,,38001000000.0,16709000000.0,,22724000000.0,,,,1963000000.0,,,,87000000.0,261894000000.0,83403000000.0,12985000000.0,145492000000.0,,,19478000000.0,5634000000.0,,,,18905000000.0,44858000000.0,,,,,,,,,2197000000.0,8987000000.0,3480000000.0,,,,2575000000.0,,,264000000.0,,,,,4629000000.0,,29741000000.0,,,,6392000000.0,3869000000.0,,,351000000.0,,,,9003000000.0,-751000000.0,945000000.0,172000000.0,1648000000.0,4667000000.0,3508000000.0,4370000000.0,2283000000.0,,138566000000.0,261894000000.0,73611000000.0,,,,18024000000.0,170000000.0,5495000000.0,24246000000.0,13635000000.0,3608000000.0,,,,,,1982000000.0,,,28971000000.0,-65000000.0,44915000000.0,,23000000.0,48000000.0,,,80000000.0,2807000000.0,24166000000.0,,,,,1895000000.0,97178000000.0,74599000000.0,,,,3600000000.0,888000000.0,,1700000000.0,248000000.0,,,,,123328000000.0,,,,,,,,,,,178788000000.0,,,,,,,,,,,,,,,,23371000000.0,,1316000000.0,,,,,3371000000.0,7641000000.0,,,,,,,,,13267000000.0,,4800000000.0,11478000000.0,5600000000.0,1133000000.0,5195000000.0,,4400000000.0,821000000.0,1600000000.0,,,,330000000.0,,,,,,,,,,,,,,,,,,,,,-470000000.0,1417000000.0,-66000000.0,881000000.0,,,,-456000000.0,,512000000.0,,,1044000000.0,2080000000.0,1642000000.0,3900000000.0,8800000000.0,,,1960000000.0,20355000000.0,,,24416000000.0,,131000000.0,654000000.0,,14000000.0,,565000000.0,,-353000000.0,5030000000.0,3485000000.0,40747000000.0,20392000000.0,2750000000.0,,,,,888000000.0,177955000000.0,,,,,,,,,4270000000.0,,,202000000.0,2055000000.0,228000000.0,32504000000.0,-6923000000.0,-21165000000.0,33722000000.0,-2409000000.0,,,,,,,,,32418000000.0,69000000.0,128000000.0,18418000000.0,3000000000.0,6000000000.0,2500000000.0,2500000000.0,0.0,,271000000.0,1104000000.0,3899000000.0,24187000000.0,,,-184000000.0,100000000.0,,,3217000000.0,,,22000000.0,663000000.0,3000000.0,685000000.0,,,,1569000000.0,,5046000000.0,,,,,,-2471000000.0,62000000.0,197000000.0,,2668000000.0,,,,,,,,,,,,,,,,,,,,,,,,,,,,,,,,,,,,,,,,,,,,,,,,,,,,,,,,,,,,,,,,,,,,,,,,,,,,,,,,,,,,,,,,,,,,,,,,,,,,,,,,,,,,,,,,,,,,,,,,,,,,,,,
2015-03-28,,23159000000.0,10905000000.0,,22827000000.0,,,,2710000000.0,,,,83000000.0,261194000000.0,67891000000.0,18607000000.0,160443000000.0,,,14489000000.0,645000000.0,,,,14316000000.0,34354000000.0,,,,,,,,,1879000000.0,8944000000.0,3571000000.0,,,,5054000000.0,,,357000000.0,,,,,4711000000.0,,23656000000.0,,,,4995000000.0,7058000000.0,,,311000000.0,,,,-5428000000.0,-6555000000.0,993000000.0,285000000.0,-2448000000.0,5679000000.0,-2500000000.0,4061000000.0,2396000000.0,,132188000000.0,261194000000.0,58729000000.0,,,,13569000000.0,286000000.0,5378000000.0,18278000000.0,9094000000.0,3937000000.0,,,,,,1037000000.0,,,29816000000.0,-88000000.0,92523000000.0,,115000000.0,155000000.0,,,309000000.0,5871000000.0,48924000000.0,,,,,1918000000.0,100920000000.0,58010000000.0,,,,3460000000.0,1815000000.0,,317000000.0,119000000.0,,,,,129006000000.0,,,,,,,,,,,193400000000.0,,,,,,,,,,,,,,,,23825000000.0,,1254000000.0,,,,,3711000000.0,7672000000.0,,,,,,,,,7259000000.0,,5100000000.0,11899000000.0,5991000000.0,1130000000.0,5143000000.0,,4600000000.0,844000000.0,1600000000.0,,,,239000000.0,,,,,,,,,,,,,,,,,,,,,629000000.0,298000000.0,-180000000.0,747000000.0,,,,593000000.0,,608000000.0,,,1030000000.0,978000000.0,2017000000.0,4100000000.0,8100000000.0,,,1384000000.0,22309000000.0,,,18564000000.0,,163000000.0,675000000.0,,-36000000.0,,739000000.0,,-226000000.0,12000000000.0,11332000000.0,42460000000.0,20151000000.0,2734000000.0,,,,,927000000.0,193539000000.0,,,,,,,,,3961000000.0,,,220000000.0,1859000000.0,537000000.0,40072000000.0,-8662000000.0,-43496000000.0,52803000000.0,-2508000000.0,,,,,,,,,39875000000.0,80000000.0,161000000.0,25875000000.0,3000000000.0,6000000000.0,2500000000.0,2500000000.0,0.0,,749000000.0,610000000.0,3799000000.0,25376000000.0,,,-859000000.0,100000000.0,,,5586000000.0,,,-56000000.0,814000000.0,312000000.0,758000000.0,,,,3383000000.0,,5141000000.0,,,,,,-3493000000.0,985000000.0,547000000.0,,4040000000.0,,,,,,,,,,,,,,,,,,,,,,,,,,,,,,,,,,,,,,,,,,,,,,,,,,,,,,,,,,,,,,,,,,,,,,,,,,,,,,,,,,,,,,,,,,,,,,,,,,,,,,,,,,,,,,,,,,,,,,,,,,,,,,,
2015-06-27,,26474000000.0,10370000000.0,,22724000000.0,,,,1098000000.0,,,,83000000.0,273151000000.0,70953000000.0,19384000000.0,168145000000.0,,,15319000000.0,1475000000.0,,,,9065000000.0,29924000000.0,,,,,,,,,2820000000.0,9088000000.0,3474000000.0,,,,8138000000.0,,,684000000.0,,,,,5044000000.0,,19681000000.0,,,,3796000000.0,10604000000.0,,,286000000.0,,,,-3263000000.0,-7090000000.0,1040000000.0,-69000000.0,-2286000000.0,4448000000.0,-222000000.0,3779000000.0,2042000000.0,,147474000000.0,273151000000.0,65285000000.0,,,,10677000000.0,390000000.0,5598000000.0,14083000000.0,9291000000.0,4081000000.0,,,,,,-64000000.0,,,31296000000.0,-134000000.0,137524000000.0,,230000000.0,201000000.0,0.0,,324000000.0,9916000000.0,80635000000.0,,,,,2034000000.0,98252000000.0,49605000000.0,,,,3564000000.0,2671000000.0,,2300000000.0,72000000.0,,,,,125677000000.0,,,,,,,,,,,203355000000.0,,,,,,,,,,,,,,,,24539000000.0,,1551000000.0,,,,,3991000000.0,7670000000.0,,,,,,,,,9537000000.0,,5000000000.0,11450000000.0,6757000000.0,1369000000.0,5137000000.0,,5400000000.0,928000000.0,2000000000.0,,,,177000000.0,,,,,,,,,,,,,,,,,,,,,-420000000.0,-1259000000.0,67000000.0,-1612000000.0,,,,-423000000.0,,1332000000.0,,,1077000000.0,1071000000.0,1566000000.0,4800000000.0,7300000000.0,,,1651000000.0,24395000000.0,,,14473000000.0,,201000000.0,766000000.0,,-3000000.0,,1195000000.0,,-175000000.0,22000000000.0,21312000000.0,45544000000.0,21149000000.0,2997000000.0,,,,,856000000.0,202848000000.0,,,,,,,,,3679000000.0,,,427000000.0,1568000000.0,474000000.0,,-11417000000.0,-54899000000.0,67791000000.0,-1808000000.0,140000000000.0,,,,,,,,49992000000.0,97000000.0,197000000.0,34992000000.0,3000000000.0,6000000000.0,3500000000.0,2500000000.0,0.0,,395000000.0,902000000.0,4499000000.0,26327000000.0,,,-868000000.0,100000000.0,,,7629000000.0,,,-3000000.0,1468000000.0,-175000000.0,1465000000.0,,,,2749000000.0,,5010000000.0,,,2500000000.0,47419000000.0,,-2387000000.0,579000000.0,2601000000.0,0.0,4988000000.0,,,,,,,,,,,,,,,,,,,,,,,,,,,,,,,,,,,,,,,,,,,,,,,,,,,,,,,,,,,,,,,,,,,,,,,,,,,,,,,,,,,,,,,,,,,,,,,,,,,,,,,,,,,,,,,,,,,,,,,,,,,,,,,
2015-09-26,,35490000000.0,16849000000.0,,25181000000.0,,,,-345000000.0,3586000000.0,,1800000000.0,63000000.0,290345000000.0,89378000000.0,20481000000.0,164065000000.0,,,21120000000.0,7276000000.0,,,,51967000000.0,140089000000.0,,,,11730000000.0,4744000000.0,1265000000.0,3408000000.0,-1806000000.0,1382000000.0,8940000000.0,3624000000.0,-220000000.0,,200000000.0,11257000000.0,9200000000.0,1600000000.0,749000000.0,15138000000.0,,2938000000.0,,5116000000.0,0.0,20548000000.0,,47600000000.0,,19121000000.0,13252000000.0,-6470000000.0,25380000000.0,1200000000.0,,680000000.0,171000000.0,5001000000.0,-417000000.0,1042000000.0,238000000.0,283000000.0,9058000000.0,3735000000.0,3893000000.0,2349000000.0,,170990000000.0,290345000000.0,80610000000.0,-17716000000.0,-56274000000.0,81266000000.0,11124000000.0,1285000000.0,22396000000.0,71230000000.0,15085000000.0,5422000000.0,,,,,,2905000000.0,441000000.0,-264000000.0,33427000000.0,26000000.0,166402000000.0,,343000000.0,241000000.0,0.0,,543000000.0,14538000000.0,107447000000.0,,,,,8067000000.0,92284000000.0,51501000000.0,,,,14329000000.0,3586000000.0,,4800000000.0,479000000.0,,,,1045000000.0,119355000000.0,,,109000000.0,13000000.0,,,,,,,206420000000.0,,,,,,,,,,,10911000000.0,721000000.0,575000000.0,4205000000.0,0.0,24062000000.0,26868000000.0,,,,,,4332000000.0,8125000000.0,,,,,,,426000000.0,,13494000000.0,,6271000000.0,,9365000000.0,,4780000000.0,,6900000000.0,1300000000.0,2500000000.0,,,,120000000.0,,,1300000000.0,,,,303000000.0,,,,,,,772000000.0,674000000.0,715000000.0,744000000.0,774000000.0,2592000000.0,794000000.0,-424000000.0,-592000000.0,-411000000.0,-1427000000.0,,,,-483000000.0,,1499000000.0,,,4401000000.0,5022000000.0,,7300000000.0,6800000000.0,,,,26786000000.0,,,72515000000.0,128000000.0,733000000.0,2921000000.0,-201000000.0,-59000000.0,-32000000.0,3497000000.0,630000000.0,-903000000.0,35253000000.0,27114000000.0,49257000000.0,22471000000.0,2950000000.0,,,,,3586000000.0,205666000000.0,,1941000000.0,,1288000000.0,166000000.0,342000000.0,786000000.0,1033000000.0,3793000000.0,,0.0,514000000.0,,,,-17716000000.0,-56274000000.0,81266000000.0,2191000000.0,140000000000.0,91500000000.0,345000000.0,709000000.0,1278000000.0,2056000000.0,,,55701000000.0,114000000.0,722000000.0,34345000000.0,5581000000.0,3775000000.0,6000000000.0,3500000000.0,,36026000000.0,574000000.0,1328000000.0,8499000000.0,27416000000.0,27171000000.0,18000.0,-78000000.0,100000000.0,2500000000.0,23784000000.0,11247000000.0,,,-91000000.0,4127000000.0,-622000000.0,4036000000.0,,,,1987000000.0,16260000000.0,5546000000.0,178000000.0,,2500000000.0,53329000000.0,,-3102000000.0,5293000000.0,3851000000.0,0.0,6953000000.0,248000000.0,2238000000.0,30000000000.0,9200000000.0,11627000000.0,1200000000.0,8225000000.0,1987000000.0,-1427000000.0,-622000000.0,-385000000.0,4036000000.0,,,,,,,,,,,,,,,,,,,,,,,,,,,,,,,,,,,,,,,,,,,,,,,,,,,,,,,,,,,,,,,,,,,,,,,,,,,,,,,,,,,,,,,,,,,,,,,,,,,,,,,,,,,,,,,,,,,
2015-12-26,,33312000000.0,12953000000.0,,24032000000.0,,,,-1480000000.0,,,,63000000.0,293284000000.0,76219000000.0,21385000000.0,177665000000.0,,,16689000000.0,-4431000000.0,,,,17226000000.0,45449000000.0,,,,,,,,,1592000000.0,8989000000.0,3546000000.0,,,,2954000000.0,,,224000000.0,,,,,5202000000.0,,30423000000.0,,,,6212000000.0,3398000000.0,,,413000000.0,,,,-852000000.0,-3896000000.0,-29000000.0,102000000.0,1058000000.0,-313000000.0,-1826000000.0,3924000000.0,2451000000.0,,165017000000.0,293284000000.0,76092000000.0,,,,18361000000.0,402000000.0,6252000000.0,24171000000.0,11073000000.0,7974000000.0,,,,,,287000000.0,38000000.0,-508000000.0,32175000000.0,172000000.0,47836000000.0,,86000000.0,394000000.0,126000000.0,,1000000.0,3514000000.0,28262000000.0,,,,,2404000000.0,101494000000.0,75872000000.0,,,,3848000000.0,1078000000.0,,2000000000.0,,,,,,128267000000.0,,,,,,,,,,,217820000000.0,,,,,,,,,,,,,,,,21617000000.0,,,,,,,4666000000.0,8490000000.0,,,,,,,,,11668000000.0,,6600000000.0,,10558000000.0,,5236000000.0,,7400000000.0,1400000000.0,2700000000.0,,,,106000000.0,,,,,,,,,,,,,,,,,,,,,-875000000.0,-158000000.0,-102000000.0,-1135000000.0,,,,-922000000.0,,597000000.0,,,1269000000.0,1725000000.0,,,10000000000.0,,,,29042000000.0,,,24573000000.0,,276000000.0,941000000.0,19000000.0,-47000000.0,-26000000.0,445000000.0,66000000.0,-263000000.0,6863000000.0,0.0,51342000000.0,22300000000.0,2898000000.0,,,,,1078000000.0,215739000000.0,,,,,,,,,3824000000.0,,,396000000.0,,,,-11444000000.0,-20450000000.0,27463000000.0,-1240000000.0,,,,,,,,,55548000000.0,109000000.0,271000000.0,,,,,,,,234000000.0,2315000000.0,7259000000.0,28253000000.0,,,-116000000.0,100000000.0,,,3612000000.0,,,-73000000.0,511000000.0,-529000000.0,438000000.0,,,,-1226000000.0,,,,,2500000000.0,53204000000.0,,-847000000.0,-393000000.0,492000000.0,,1339000000.0,,,,,,413000000.0,,,,,-110000000.0,,2898000000.0,,,,,,,,,,,,,,,,,,,,,,,,,,,,,,,,,,,,,,,,,,,,,,,,,,,,,,,,,,,,,,,,,,,,,,,,,,,,,,,,,,,,,,,,,,,,,,,,,,,,,,,,,,,,,,,,,,
2016-03-26,,25098000000.0,12229000000.0,,23208000000.0,,,,-1048000000.0,,,,60000000.0,305277000000.0,87592000000.0,33769000000.0,177645000000.0,,,21514000000.0,394000000.0,,,,10948000000.0,30636000000.0,,,,,,,,,3092000000.0,9461000000.0,3322000000.0,,,,5431000000.0,,,264000000.0,,,,,5249000000.0,,19921000000.0,,,,3626000000.0,6630000000.0,,,347000000.0,,,,-9388000000.0,-4538000000.0,219000000.0,-68000000.0,-186000000.0,-2292000000.0,-5899000000.0,3843000000.0,2281000000.0,,174820000000.0,305277000000.0,68265000000.0,-4560000000.0,-34110000000.0,39064000000.0,10516000000.0,155000000.0,5934000000.0,13987000000.0,10204000000.0,7745000000.0,,,,,,-178000000.0,-1000000.0,530000000.0,33859000000.0,196000000.0,86242000000.0,,140000000.0,657000000.0,126000000.0,,247000000.0,9148000000.0,50051000000.0,,,,,2511000000.0,102021000000.0,50557000000.0,,,,3423000000.0,2126000000.0,,450000000.0,,,,,,130457000000.0,,,,,,,,,,,233449000000.0,,,,,,,,,,,,,,,,22955000000.0,,,,,,,5054000000.0,8797000000.0,,,,,,,,,7595000000.0,,6800000000.0,,10904000000.0,,4985000000.0,,7500000000.0,1500000000.0,2800000000.0,,3000000.0,,100000000.0,,,,,,,,,,,,,,,,,,,,,1018000000.0,-706000000.0,120000000.0,432000000.0,,,,969000000.0,,751000000.0,,,1128000000.0,877000000.0,,,9100000000.0,,,,30848000000.0,,,14142000000.0,,321000000.0,986000000.0,19000000.0,-49000000.0,-27000000.0,528000000.0,144000000.0,-510000000.0,13530000000.0,15584000000.0,54051000000.0,23203000000.0,2879000000.0,,,,,1048000000.0,232928000000.0,,,,,,,,,3743000000.0,,,565000000.0,,,,-4560000000.0,-34110000000.0,39064000000.0,-503000000.0,,,,,,,,,71344000000.0,,311000000.0,,,,,,,,945000000.0,1466000000.0,7998000000.0,29484000000.0,,,-119000000.0,100000000.0,,,5948000000.0,,,-76000000.0,672000000.0,-98000000.0,596000000.0,,,,233000000.0,,,,,2500000000.0,69374000000.0,,-1163000000.0,660000000.0,669000000.0,,1832000000.0,-15000000.0,,,,,347000000.0,,,432000000.0,,-308000000.0,,2879000000.0,800000000.0,,,,,,,,,,,,,,,,,,,,,,,,,,,,,,,,,,,,,,,,,,,,,,,,,,,,,,,,,,,,,,,,,,,,,,,,,,,,,,,,,,,,,,,,,,,,,,,,,,,,,,,,,,,,,,,,,
2016-04-30,,,,,,,,,,,,,,,,,,,,,,,,,,,,,,,,,,,,,,,,,,,,,,,,,,,,,,,,,,,,,,,,,,,,,,,,,,,,,,,,,,,,,,,,,,,,,,,,,,,,,,,,,,,,,,,,,,,,,,,,,,,,,,,,,,,,,,,,,,,,,,,,,,,,,,,,,,,,,,,,,,,,,,,,,,,,,,,,,,,,,,,,,,,,,,,,,,,,,,,,,,,,,,,,,,,,,,,,,,,,,,,,,,,,,,,,,,,,,,,,,,,,,,,,,,,,,,,,,,,,,,,,,175000000000.0,,,,,,,,,,,,,,,,,,,,,,,,,,,,,,,,,,,,,,,,,,,,,,,,,,,,,,,,,,,,,,,,,,,,,,,,,,,,,,,,,,,,,,,,,,,,,,,,,,,,,,,,,,,,,,,,,,,,,,,,,,,,,,,,,,,,,,,,,,,,,,,,,,,,,,,,,,,,,,,,,,,,,,,,,,,,,,,,,
2016-06-25,,26318000000.0,11714000000.0,,20820000000.0,,,,-107000000.0,,,,55000000.0,305602000000.0,93761000000.0,43519000000.0,169764000000.0,,,18237000000.0,-2883000000.0,,,,8737000000.0,26252000000.0,,,,,,,,,5191000000.0,8352000000.0,3064000000.0,,,,7957000000.0,,,391000000.0,,,,,5261000000.0,,16106000000.0,,,,2673000000.0,8990000000.0,,,321000000.0,,,,-9567000000.0,-4623000000.0,-1148000000.0,-518000000.0,-1049000000.0,-5363000000.0,-6166000000.0,3506000000.0,1831000000.0,,179061000000.0,305602000000.0,71486000000.0,-14001000000.0,-38580000000.0,49698000000.0,7796000000.0,364000000.0,6001000000.0,10105000000.0,11132000000.0,7862000000.0,,,,,,-175000000.0,-27000000.0,641000000.0,35572000000.0,321000000.0,112068000000.0,,146000000.0,753000000.0,1376000000.0,,247000000.0,14915000000.0,69926000000.0,,,,,2560000000.0,96542000000.0,42358000000.0,,,,3441000000.0,3180000000.0,,2000000000.0,,,,,,126541000000.0,,,,,,,,,,,230250000000.0,,,,,,,,,,,,,,,,24560000000.0,,,,,,,5411000000.0,8817000000.0,,,,,,,,,7328000000.0,,7100000000.0,,11012000000.0,,4255000000.0,,7600000000.0,1500000000.0,2800000000.0,,,,84000000.0,,,,,,,,,,,,,,,,,,,,,1158000000.0,-263000000.0,46000000.0,941000000.0,,,,1170000000.0,,1361000000.0,,,1110000000.0,380000000.0,,,8300000000.0,,,,32543000000.0,,,10469000000.0,,409000000.0,1036000000.0,-2000000.0,12000000.0,8000000.0,88000000.0,46000000.0,-263000000.0,23696000000.0,17984000000.0,57991000000.0,25448000000.0,3117000000.0,,,,,1054000000.0,231520000000.0,,,,,,,,,3406000000.0,,,892000000.0,,,,-14001000000.0,-38580000000.0,49698000000.0,3992000000.0,175000000000.0,,,,,,,,71565000000.0,,393000000.0,,,,,,,,1977000000.0,707000000.0,12496000000.0,30106000000.0,,,353000000.0,100000000.0,,,8757000000.0,,,,,,,,,,,,,,,3500000000.0,68939000000.0,,-162000000.0,4154000000.0,1846000000.0,2500000000.0,2008000000.0,-14000000.0,,,,,321000000.0,8917000000.0,1886000000.0,941000000.0,460000000.0,-419000000.0,1188000000.0,3117000000.0,800000000.0,,,,,,,,,,,,,,,,,,,,,,,,,,,,,,,,,,,,,,,,,,,,,,,,,,,,,,,,,,,,,,,,,,,,,,,,,,,,,,,,,,,,,,,,,,,,,,,,,,,,,,,,,,,,,,,,,
2016-09-24,,37294000000.0,15754000000.0,,22027000000.0,,,,634000000.0,4262000000.0,,,53000000.0,321686000000.0,106869000000.0,46671000000.0,170430000000.0,,,20484000000.0,-636000000.0,,,,46666000000.0,131376000000.0,,,,7652000000.0,2105000000.0,990000000.0,5043000000.0,33000000.0,4938000000.0,8080000000.0,2930000000.0,-138000000.0,,,10505000000.0,8300000000.0,1700000000.0,407000000.0,12695000000.0,,2138000000.0,,5414000000.0,0.0,17813000000.0,,41100000000.0,,15685000000.0,10444000000.0,-5582000000.0,21480000000.0,1400000000.0,,553000000.0,371000000.0,2117000000.0,-527000000.0,-1554000000.0,-217000000.0,-1055000000.0,-1906000000.0,51000000.0,3206000000.0,2132000000.0,,193437000000.0,321686000000.0,79006000000.0,-20890000000.0,-45977000000.0,66231000000.0,9014000000.0,1348000000.0,24239000000.0,60024000000.0,8283000000.0,8757000000.0,,,,,,7000000.0,7000000.0,863000000.0,36074000000.0,924000000.0,142428000000.0,,297000000.0,814000000.0,1388000000.0,,495000000.0,21258000000.0,90536000000.0,,,,,10045000000.0,96364000000.0,46852000000.0,,,,14194000000.0,4210000000.0,,5100000000.0,,,,,852000000.0,128249000000.0,,,1618000000.0,0.0,,,,,,,235810000000.0,,,,,,,,,,,10015000000.0,788000000.0,601000000.0,4135000000.0,0.0,26019000000.0,31436000000.0,,,,,,5806000000.0,8912000000.0,,,,,,,382000000.0,,13545000000.0,,7627000000.0,,10055000000.0,,3702000000.0,,7724000000.0,1000000000.0,2800000000.0,,,,,,,1500000000.0,,,21906000000.0,485000000.0,,,,,,,929000000.0,836000000.0,889000000.0,915000000.0,919000000.0,3139000000.0,939000000.0,1638000000.0,-734000000.0,75000000.0,979000000.0,,,,1582000000.0,,1570000000.0,,,4663000000.0,3585000000.0,,,7500000000.0,,,,34235000000.0,,,61372000000.0,-13000000.0,1456000000.0,3999000000.0,-8000000.0,-56000000.0,-31000000.0,741000000.0,131000000.0,-1195000000.0,29722000000.0,24954000000.0,61245000000.0,27010000000.0,3071000000.0,,,,,4210000000.0,237585000000.0,,1717000000.0,,1197000000.0,175000000.0,255000000.0,449000000.0,902000000.0,3106000000.0,,0.0,1316000000.0,,,,-20483000000.0,-45977000000.0,65824000000.0,-397000000.0,,109800000000.0,257000000.0,295000000.0,1578000000.0,1121000000.0,,,78384000000.0,,1400000000.0,47346000000.0,7750000000.0,6454000000.0,6834000000.0,6500000000.0,,29000000000.0,2186000000.0,411000000.0,8105000000.0,31251000000.0,31921000000.0,18000.0,160000000.0,100000000.0,3500000000.0,27010000000.0,12734000000.0,,,,,,,,,,,21906000000.0,,128000000.0,,3500000000.0,75427000000.0,,472000000.0,-869000000.0,3632000000.0,2500000000.0,3160000000.0,174000000.0,2107000000.0,35900000000.0,10505000000.0,12188000000.0,1400000000.0,9012000000.0,2526000000.0,979000000.0,762000000.0,-486000000.0,785000000.0,3071000000.0,850000000.0,20484000000.0,8300000000.0,174000000.0,1316000000.0,0.0,215639000000.0,,,,,,,,,,,,,,,,,,,,,,,,,,,,,,,,,,,,,,,,,,,,,,,,,,,,,,,,,,,,,,,,,,,,,,,,,,,,,,,,,,,,,,,,,,,,,,,,,,,,,,,,,,,
2016-12-31,,38510000000.0,14057000000.0,,23739000000.0,,,,245000000.0,,,,53000000.0,331141000000.0,103332000000.0,44081000000.0,185638000000.0,,,16371000000.0,-4113000000.0,,,,17502000000.0,48175000000.0,,,,,,,,,1452000000.0,7889000000.0,3163000000.0,,,,2987000000.0,,,178000000.0,,,,,5423000000.0,,30176000000.0,,,,6289000000.0,3510000000.0,,,,,,,2460000000.0,-1697000000.0,42000000.0,580000000.0,1446000000.0,2124000000.0,375000000.0,2848000000.0,2712000000.0,,198751000000.0,331141000000.0,84130000000.0,-12225000000.0,-19122000000.0,27234000000.0,17891000000.0,821000000.0,6817000000.0,23359000000.0,12191000000.0,7390000000.0,,,,,,1468000000.0,228000000.0,-989000000.0,37901000000.0,104000000.0,54272000000.0,,17000000.0,86000000.0,0.0,,0.0,6525000000.0,32166000000.0,,,,,2871000000.0,100001000000.0,78351000000.0,,,,3946000000.0,1256000000.0,,,,,,,,132390000000.0,,,,,,,,,,,247073000000.0,,,,,,,,,,,,,,,,26948000000.0,,,,,,,4724000000.0,7472000000.0,,,,,,,,,13920000000.0,,7500000000.0,,10953000000.0,,4698000000.0,,8500000000.0,1200000000.0,3000000000.0,,,,,,,,,,,,,,,,,,,,,,,,,-1788000000.0,1774000000.0,-375000000.0,-389000000.0,,,,-1808000000.0,,629000000.0,,,1337000000.0,2333000000.0,,,11000000000.0,,,,36249000000.0,,,24180000000.0,,525000000.0,1224000000.0,-76000000.0,-20000000.0,-11000000.0,-306000000.0,-211000000.0,122000000.0,10851000000.0,0.0,62759000000.0,26510000000.0,3130000000.0,,,,,1256000000.0,246090000000.0,,,,,,,,,2748000000.0,,,497000000.0,,,,-12047000000.0,-19122000000.0,27056000000.0,2385000000.0,,,,,,,,,77378000000.0,,509000000.0,,,,,,,,622000000.0,1605000000.0,10493000000.0,32144000000.0,,,-222000000.0,100000000.0,,,3334000000.0,,,,,,,,,,,,,,,3499000000.0,73557000000.0,,835000000.0,1550000000.0,2544000000.0,,1709000000.0,,,,,,465000000.0,7572000000.0,-1552000000.0,-389000000.0,-615000000.0,274000000.0,-548000000.0,3042000000.0,1100000000.0,,,166000000.0,,,78351000000.0,,,,,,,,,,,,,,,,,,,,,,,,,,,,,,,,,,,,,,,,,,,,,,,,,,,,,,,,,,,,,,,,,,,,,,,,,,,,,,,,,,,,,,,,,,,,,,,,,,,,,,,,,,,
2017-04-01,,28573000000.0,11579000000.0,,23096000000.0,,,,-422000000.0,,,,53000000.0,334532000000.0,101990000000.0,51944000000.0,189740000000.0,,,15157000000.0,-5327000000.0,,,,10362000000.0,32305000000.0,,,,,,,,,2822000000.0,7682000000.0,3107000000.0,,,,5319000000.0,,,225000000.0,,,,,5473000000.0,,20591000000.0,,,,3655000000.0,6878000000.0,,,,,,,-6862000000.0,-4183000000.0,-221000000.0,778000000.0,896000000.0,541000000.0,-4512000000.0,2617000000.0,2910000000.0,,200450000000.0,334532000000.0,73342000000.0,-11807000000.0,-33324000000.0,39804000000.0,11029000000.0,587000000.0,6494000000.0,14097000000.0,11367000000.0,7549000000.0,,,,,,-300000000.0,25000000.0,256000000.0,39470000000.0,10000000.0,99821000000.0,,67000000.0,126000000.0,0.0,,273000000.0,12429000000.0,60454000000.0,,,,,2776000000.0,100925000000.0,52896000000.0,,,,3718000000.0,2473000000.0,,,,,,,,134082000000.0,,,,,,,,,,,257129000000.0,,,,,,,,,,,,,,,,28226000000.0,,,,,,,4741000000.0,7258000000.0,,,,,,,,,9033000000.0,,8200000000.0,,11244000000.0,,4735000000.0,,8800000000.0,1300000000.0,3000000000.0,,,,,,,,,,,,,,,,,,,,,,,,,451000000.0,-1332000000.0,214000000.0,,,,,464000000.0,,788000000.0,,,1031000000.0,1068000000.0,,,10000000000.0,,,,37961000000.0,,,14684000000.0,,530000000.0,1282000000.0,44000000.0,13000000.0,7000000.0,1032000000.0,311000000.0,-165000000.0,18012000000.0,10975000000.0,65124000000.0,27163000000.0,2988000000.0,,,,,1217000000.0,256841000000.0,,,,,,,,,2517000000.0,,,1007000000.0,,,,,,,1879000000.0,175000000000.0,,,,,,,,88919000000.0,,507000000.0,,,,,,,,880000000.0,1168000000.0,9992000000.0,33579000000.0,,,-77000000.0,100000000.0,,,6309000000.0,,,,,,,,,,,,,,,3999000000.0,84531000000.0,,3197000000.0,-1318000000.0,7057000000.0,0.0,3860000000.0,,,,,,424000000.0,7358000000.0,,-667000000.0,,209000000.0,,2988000000.0,1300000000.0,,,184000000.0,,,52896000000.0,,,,,,,,,,,,,,,,,,,,,,,,,,,,,,,,,,,,,,,,,,,,,,,,,,,,,,,,,,,,,,,,,,,,,,,,,,,,,,,,,,,,,,,,,,,,,,,,,,,,,,,,,,,
2017-04-30,,,,,,,,,,,,,,,,,,,,,,,,,,,,,,,,,,,,,,,,,,,,,,,,,,,,,,,,,,,,,,,,,,,,,,,,,,,,,,,,,,,,,,,,,,,,,,,,,,,,,,,,,,,,,,,,,,,,,,,,,,,,,,,,,,,,,,,,,,,,,,,,,,,,,,,,,,,,,,,,,,,,,,,,,,,,,,,,,,,,,,,,,,,,,,,,,,,,,,,,,,,,,,,,,,,,,,,,,,,,,,,,,,,,,,,,,,,,,,,,,,,,,,,,,,,,,,,,,,,,,,,,,175000000000.0,,,,,,,,,,,,,,,,,,,,,,,,,,,,,,,,,,,,,,,,,,,,,,,,,,,,,,,,,,,,,,,,,,,,,,,,,,,,,,,,,,,,,,,,,,,,,,,,,,,,,,,,,,,,,,,,,,,,,,,,,,,,,,,,,,,,,,,,,,,,,,,,,,,,,,,,,,,,,,,,,,,,,,,,,,,,,,,,,
2017-05-31,,,,,,,,,,,,,,,,,,,,,,,,,,,,,,,,,,,,,,,,,,,,,,,,,,,,,,,,,,,,,,,,,,,,,,,,,,,,,,,,,,,,,,,,,,,,,,,,,,,,,,,,,,,,,,,,,,,,,,,,,,,,,,,,,,,,,,,,,,,,,,,,,,,,,,,,,,,,,,,,,,,,,,,,,,,,,,,,,,,,,,,,,,,,,,,,,,,,,,,,,,,,,,,,,,,,,,,,,,,,,,,,,,,,,,,,,,,,,,,,,,,,,,,,,,,,,,,,,,,,,,,,,210000000000.0,,,,,,,,,,,,,,,,,,,,,,,,,,,,,,,,,,,,,,,,,,,,,,,,,,,,,,,,,,,,,,,,,,,,,,,,,,,,,,,,,,,,,,,,,,,,,,,,,,,,,,,,,,,,,,,,,,,,,,,,,,,,,,,,,,,,,,,,,,,,,,,,,,,,,,,,,,,,,,,,,,,,,,,,,,,,,,,,,
2017-07-01,,31915000000.0,12399000000.0,,23304000000.0,,,,-545000000.0,,,,55000000.0,345173000000.0,112875000000.0,58188000000.0,184757000000.0,,,18571000000.0,-1913000000.0,,,,8594000000.0,27920000000.0,,,,,,,,,4764000000.0,7608000000.0,2984000000.0,,,,7673000000.0,,,534000000.0,,,,,5661000000.0,,17488000000.0,,,,2591000000.0,9752000000.0,,,,,,,-5212000000.0,-3381000000.0,-418000000.0,1014000000.0,3229000000.0,-1942000000.0,-3312000000.0,2444000000.0,3146000000.0,,212748000000.0,345173000000.0,81302000000.0,-13885000000.0,-36504000000.0,48476000000.0,8717000000.0,540000000.0,6720000000.0,10768000000.0,10338000000.0,10150000000.0,,,,,,-166000000.0,16000000.0,197000000.0,38598000000.0,-104000000.0,123781000000.0,,248000000.0,209000000.0,213000000.0,,274000000.0,19347000000.0,76747000000.0,,,,,2937000000.0,98525000000.0,45408000000.0,,,,3783000000.0,3666000000.0,,,,,,,,132425000000.0,,,,,,,,,,,261259000000.0,,,,,,,,,,,,,,,,30191000000.0,,,,,,,5014000000.0,7358000000.0,,,,,,,,,10233000000.0,,8500000000.0,,8407000000.0,,4299000000.0,,8600000000.0,1300000000.0,2600000000.0,,,,,,,,,,,,,,,,,,,,,,,,,332000000.0,-575000000.0,120000000.0,,,,,364000000.0,,1646000000.0,,,932000000.0,496000000.0,,,9000000000.0,,,,39695000000.0,,,11308000000.0,,602000000.0,1327000000.0,35000000.0,32000000.0,16000000.0,409000000.0,176000000.0,-185000000.0,25105000000.0,21725000000.0,68981000000.0,29286000000.0,9499000000.0,,,,,1193000000.0,261516000000.0,,,,,,,,,2344000000.0,,,1456000000.0,,,,,,,3866000000.0,,,,,,,,,96589000000.0,,574000000.0,,,,,,,,1155000000.0,898000000.0,11980000000.0,34445000000.0,,,-326000000.0,100000000.0,,,8586000000.0,,,,,,,,,,,,,,,6495000000.0,89864000000.0,,4009000000.0,-143000000.0,12633000000.0,3500000000.0,8624000000.0,,,,,,380000000.0,7458000000.0,,-123000000.0,,142000000.0,,3281000000.0,700000000.0,,,210000000.0,,126000000.0,45408000000.0,,,,,,,,,,,,,,,,,,,,,,,,,,,,,,,,,,,,,,,,,,,,,,,,,,,,,,,,,,,,,,,,,,,,,,,,,,,,,,,,,,,,,,,,,,,,,,,,,,,,,,,,,,,
2017-09-30,,44242000000.0,17874000000.0,,25744000000.0,,,,-150000000.0,4909000000.0,,,58000000.0,375319000000.0,128645000000.0,53892000000.0,194714000000.0,,,20289000000.0,-195000000.0,,,,47567000000.0,141048000000.0,,,,7842000000.0,1671000000.0,259000000.0,5980000000.0,-16000000.0,5966000000.0,7548000000.0,2836000000.0,2000000.0,,,10157000000.0,,2000000000.0,627000000.0,13822000000.0,,1655000000.0,,5717000000.0,0.0,19931000000.0,,44700000000.0,,15738000000.0,11591000000.0,-6135000000.0,22431000000.0,,,185000000.0,678000000.0,8966000000.0,2093000000.0,-626000000.0,2723000000.0,5318000000.0,1092000000.0,4254000000.0,2298000000.0,4855000000.0,,241272000000.0,375319000000.0,100814000000.0,-17974000000.0,-46446000000.0,64225000000.0,10714000000.0,2745000000.0,26842000000.0,61344000000.0,13936000000.0,18177000000.0,,,,,,1315000000.0,478000000.0,-425000000.0,40415000000.0,124000000.0,159486000000.0,159486000000.0,329000000.0,344000000.0,521000000.0,,555000000.0,31775000000.0,94564000000.0,94564000000.0,,,,11581000000.0,98330000000.0,52579000000.0,,,,15261000000.0,4840000000.0,,,,,,,261000000.0,134047000000.0,,,539000000.0,39000000.0,,,,,,,268399000000.0,110276000000.0,101986000000.0,8290000000.0,,,,,,,,8974000000.0,834000000.0,703000000.0,4019000000.0,0.0,31504000000.0,36355000000.0,,,,,,5309000000.0,7507000000.0,,,,,,,209000000.0,,17799000000.0,,9545000000.0,,8654000000.0,,3834000000.0,,8407000000.0,1200000000.0,2500000000.0,,,,,,,1200000000.0,,,27588000000.0,207000000.0,,,,,,,1223000000.0,871000000.0,1033000000.0,1108000000.0,1187000000.0,4123000000.0,1100000000.0,-846000000.0,-162000000.0,224000000.0,,,,,-782000000.0,,1874000000.0,,,4322000000.0,4454000000.0,,8677000000.0,8100000000.0,,,,41293000000.0,,,64089000000.0,-65000000.0,2323000000.0,5201000000.0,77000000.0,64000000.0,35000000.0,1477000000.0,475000000.0,-133000000.0,32900000000.0,28662000000.0,75076000000.0,33783000000.0,12769000000.0,,,,,4840000000.0,268895000000.0,,1521000000.0,,948000000.0,131000000.0,222000000.0,323000000.0,505000000.0,2198000000.0,,0.0,2092000000.0,1830000000.0,3025000000.0,,,,,3852000000.0,,128700000000.0,952000000.0,238000000.0,1880000000.0,333000000.0,,,104021000000.0,,2200000000.0,61391000000.0,10297000000.0,7750000000.0,9220000000.0,8863000000.0,,33001000000.0,1278000000.0,782000000.0,11977000000.0,35867000000.0,36562000000.0,18000.0,32000000.0,100000000.0,6500000000.0,33783000000.0,12451000000.0,,,,,,,,,,,,,69000000.0,,6496000000.0,97207000000.0,,5634000000.0,-1782000000.0,17932000000.0,3500000000.0,12298000000.0,,1230000000.0,42200000000.0,10157000000.0,12803000000.0,1632000000.0,7607000000.0,,-784000000.0,,166000000.0,,3252000000.0,,20289000000.0,8200000000.0,225000000.0,2092000000.0,126000000.0,52579000000.0,257000000.0,246674000000.0,186000000.0,782000000.0,596000000.0,-195000000.0,6300000000.0,0.0,8200000000.0,0.0,0.0,-593000000.0,2200000000.0,140458000000.0,30551000000.0,0.0,229234000000.0,640000000.0,1268000000.0,1798000000.0,1296000000.0,2675000000.0,1626000000.0,14000000.0,,,,,,,,,,,,,,,,,,,,,,,,,,,,,,,,,,,,,,,,,,,,,,,,,,,,,,,,,,,,,,,,,,,,,,,,,,,,,,,,,,,
2017-12-30,,62985000000.0,23440000000.0,,26281000000.0,,,,-841000000.0,,,,59000000.0,406794000000.0,143810000000.0,49662000000.0,207944000000.0,,,27491000000.0,7202000000.0,,,,19374000000.0,54381000000.0,,,,,,,,,-33737000000.0,8044000000.0,3131000000.0,,,,2745000000.0,,,,,,,,5889000000.0,,33912000000.0,,,,6965000000.0,3551000000.0,,,,,,,12602000000.0,5570000000.0,791000000.0,-434000000.0,197000000.0,39757000000.0,9660000000.0,2149000000.0,4421000000.0,,266595000000.0,406794000000.0,115788000000.0,-7501000000.0,-13590000000.0,28293000000.0,20065000000.0,756000000.0,7638000000.0,26274000000.0,11337000000.0,13323000000.0,,,,,,88000000.0,66000000.0,-464000000.0,43754000000.0,43000000.0,41272000000.0,41272000000.0,173000000.0,154000000.0,141000000.0,,,14048000000.0,16801000000.0,16801000000.0,,,,3407000000.0,104593000000.0,88293000000.0,,,,4231000000.0,1296000000.0,,,,,,,,140199000000.0,,,,,,,,,,,286020000000.0,,,,,,,,,,,,,,,,548000000.0,,,,,,,5491000000.0,7540000000.0,,,,,,,,,27459000000.0,,9600000000.0,,8293000000.0,,4323000000.0,,9000000000.0,1400000000.0,7700000000.0,,,,,,,,,,,,,,,,,,,,,,,,,-921000000.0,190000000.0,40000000.0,,,,,-846000000.0,,1038000000.0,,,982000000.0,1471000000.0,,8700000000.0,12100000000.0,,,,43431000000.0,,,27030000000.0,,734000000.0,1452000000.0,1000000.0,75000000.0,41000000.0,-102000000.0,-21000000.0,38000000.0,10095000000.0,6969000000.0,77110000000.0,33679000000.0,3339000000.0,,,,,1296000000.0,285097000000.0,,,,,,,,,2049000000.0,,,623000000.0,,,,,,,2000000.0,,,,,,,,,111033000000.0,,695000000.0,,,,,,,,733000000.0,1656000000.0,11980000000.0,36447000000.0,,,-66000000.0,100000000.0,,,2810000000.0,,,,,,,,,,,,,,,6498000000.0,103922000000.0,,-1619000000.0,1621000000.0,3441000000.0,,5060000000.0,,,,2745000000.0,,631000000.0,7640000000.0,,-691000000.0,,11000000.0,,3232000000.0,2900000000.0,,,246000000.0,623000000.0,,88293000000.0,34913000000.0,,,,,,2000000000.0,,,,,569000000.0,,,,,88293000000.0,,,,,,,,,,,,,,,,,,,,,,,,,,,,,,,,,,,,,,,,,,,,,,,,,,,,,,,,,,,,,,,,,,,,,,,,,,,,,,,,,,,,,,,,,,
2018-03-31,,34311000000.0,14324000000.0,,26756000000.0,,,,-3064000000.0,,,,60000000.0,367502000000.0,130053000000.0,42881000000.0,179286000000.0,,,45059000000.0,24770000000.0,,,,11877000000.0,37715000000.0,,,,,,,,,-34235000000.0,7775000000.0,3087000000.0,,,,5484000000.0,,,,,,,,,,23422000000.0,,,,2346000000.0,6340000000.0,,,,,,,-12004000000.0,-3523000000.0,478000000.0,2807000000.0,1053000000.0,38026000000.0,-9715000000.0,,7662000000.0,,240624000000.0,367502000000.0,89320000000.0,-33773000000.0,15120000000.0,43423000000.0,13822000000.0,274000000.0,7528000000.0,15894000000.0,12043000000.0,23086000000.0,,,,,,-27000000.0,64000000.0,-541000000.0,46855000000.0,-216000000.0,48449000000.0,48449000000.0,305000000.0,,163000000.0,,327000000.0,31884000000.0,38942000000.0,38942000000.0,,,,3378000000.0,91898000000.0,61137000000.0,,,,4150000000.0,2644000000.0,,,,,,,,126878000000.0,,,,,,,,,,,270657000000.0,196464000000.0,159198000000.0,37266000000.0,,,,,,,,,,,,,548000000.0,,,,,,,,,,,,,,,,,8084000000.0,,9800000000.0,,11394000000.0,,4030000000.0,,9500000000.0,1500000000.0,8200000000.0,,,,,,,,,,,,,,,,,,,,,,,,,-1974000000.0,-234000000.0,263000000.0,,,,,-2003000000.0,,1190000000.0,,,933000000.0,640000000.0,,8300000000.0,11400000000.0,,,,45425000000.0,,,16168000000.0,,792000000.0,1505000000.0,-8000000.0,-29000000.0,-7000000.0,207000000.0,77000000.0,-439000000.0,32851000000.0,6969000000.0,80502000000.0,35077000000.0,6529000000.0,,,,,1348000000.0,267226000000.0,,,,,,,,,,,,1356000000.0,2476000000.0,5186000000.0,,,,,1000000.0,,,,,,,,,111137000000.0,,742000000.0,,,,,,,,274000000.0,3705000000.0,11980000000.0,38044000000.0,,,-313000000.0,,,,7005000000.0,,,,,,,,,,,,,,,8498000000.0,101362000000.0,,-4069000000.0,4070000000.0,5550000000.0,500000000.0,9619000000.0,,,,5484000000.0,,347000000.0,,,-1945000000.0,,151000000.0,,,3400000000.0,45059000000.0,,236000000.0,1356000000.0,,61137000000.0,34913000000.0,,1072000000.0,3705000000.0,2633000000.0,24770000000.0,2200000000.0,,,,,394000000.0,,,,1000000.0,61137000000.0,,,,,,,,,,,,,,,,,,,,,,,,,,,,,,,,,,,,,,,,,,,,,,,,,,,,,,,,,,,,,,,,,,,,,,,,,,,,,,,,,,,,,,,,,,
2018-05-01,,,,,,,,,,,,,,,,,,,,,,,,,,,,,,,,,,,,,,,,,,,,,,,,,,,,,,,,,,,,,,,,,,,,,,,,,,,,,,,,,,,,,,,,,,,,,,,,,,,,,,,,,,,,,,,,,,,,,,,,,,,,,,,,,,,,,,,,,,,,,,,,,,,,,,,,,,,,,,,,,,,,,,,,,,,,,,,,,,,,,,,,,,,,,,,,,,,,,,,,,,,,,,,,,,,,,,,,,,,,,,,,,,,,,,,,,,,,,,,,,,,,,,,,,,,,,,,,,,,,,,,,,100000000000.0,,,,,,,,,,,,,,,,,,,,,,,,,,,,,,,,,,,,,,,,,,,,,,,,,,,,,,,,,,,,,,,,,,,,,,,,,,,,,,,,,,,,,,,,,,,,,,,,,,,,,,,,,,,,,,,,,,,,,,,,,,,,,,,,,,,,,,,,,,,,,,,,,,,,,,,,,,,,,,,,,,,,,,,,,,,,,,,,,
2018-06-30,,38489000000.0,14104000000.0,,25184000000.0,,,,-3111000000.0,,,,,349197000000.0,115761000000.0,38999000000.0,172773000000.0,,,31971000000.0,11682000000.0,,,,11472000000.0,32844000000.0,,,,,,,,,-33109000000.0,7403000000.0,2878000000.0,,,,8149000000.0,,,,,,,,,,20421000000.0,,,,1765000000.0,8819000000.0,,,,,,,-10410000000.0,-3756000000.0,-103000000.0,1114000000.0,65000000.0,36250000000.0,-5536000000.0,,5936000000.0,,234248000000.0,349197000000.0,88548000000.0,-65296000000.0,19067000000.0,57911000000.0,11519000000.0,672000000.0,7809000000.0,12612000000.0,12488000000.0,22546000000.0,,,,,,109000000.0,-70000000.0,-154000000.0,45694000000.0,523000000.0,56133000000.0,56133000000.0,431000000.0,,1788000000.0,,328000000.0,46290000000.0,41614000000.0,41614000000.0,,,,3701000000.0,79436000000.0,53265000000.0,,,,4108000000.0,3995000000.0,,,,,,,,114949000000.0,,,,,,,,,,,247864000000.0,187428000000.0,150468000000.0,36960000000.0,,,,,,,,,,,,,398000000.0,,,,,,,,,,,,,,,,,12263000000.0,,9600000000.0,,11267000000.0,,3553000000.0,,9400000000.0,1300000000.0,7300000000.0,,,,,,,,,,,,,,,,,,,,,,,,,-544000000.0,1087000000.0,-590000000.0,,,,,-568000000.0,,2267000000.0,,,1044000000.0,567000000.0,,8500000000.0,10400000000.0,,,,47251000000.0,,,13284000000.0,,846000000.0,1418000000.0,3000000.0,-24000000.0,-7000000.0,-978000000.0,-254000000.0,100000000.0,53634000000.0,6969000000.0,85368000000.0,38117000000.0,10182000000.0,,,,,1351000000.0,243743000000.0,,,,,,,,,,,,2120000000.0,1649000000.0,4287000000.0,,,,,-10000000.0,,,,,,,,,104124000000.0,,780000000.0,,,,,,,20000000000.0,179000000.0,4300000000.0,11974000000.0,38624000000.0,,,-403000000.0,,,,10272000000.0,,,,,,,,,,,,,,,5498000000.0,97128000000.0,,-2629000000.0,2619000000.0,9782000000.0,6500000000.0,12411000000.0,,,,8149000000.0,,528000000.0,,,-47000000.0,,410000000.0,,,500000000.0,31971000000.0,,227000000.0,2120000000.0,310000000.0,53265000000.0,34029000000.0,,1166000000.0,4300000000.0,3134000000.0,11682000000.0,2000000000.0,,,,,-73000000.0,780000000.0,,,0.0,53265000000.0,,,,,,,,8800000000.0,,,,,,,,,,,,,,,,,,,,,,,,,,,,,,,,,,,,,,,,,,,,,,,,,,,,,,,,,,,,,,,,,,,,,,,,,,,,,,,,,,
2018-09-29,,55888000000.0,23186000000.0,,,,,,-3454000000.0,5443000000.0,,,,365725000000.0,131339000000.0,40388000000.0,170799000000.0,,,25913000000.0,5624000000.0,,,,56505000000.0,163756000000.0,,,,41425000000.0,3986000000.0,551000000.0,-33819000000.0,1181000000.0,-32590000000.0,7543000000.0,2797000000.0,48000000.0,,,,,2700000000.0,,7606000000.0,,5167000000.0,,,,24084000000.0,,48000000000.0,,13372000000.0,10417000000.0,-5606000000.0,17890000000.0,,,271000000.0,560000000.0,9175000000.0,5322000000.0,-44000000.0,-828000000.0,423000000.0,38449000000.0,8010000000.0,,3956000000.0,,258578000000.0,365725000000.0,115929000000.0,-87876000000.0,16066000000.0,77434000000.0,14125000000.0,2005000000.0,30941000000.0,70898000000.0,12087000000.0,22283000000.0,,,,,,523000000.0,149000000.0,-1156000000.0,48914000000.0,745000000.0,71356000000.0,71356000000.0,721000000.0,,1871000000.0,,669000000.0,55881000000.0,47838000000.0,47838000000.0,,,,14236000000.0,70400000000.0,,,,,16705000000.0,5340000000.0,,,,,,,599000000.0,107147000000.0,,,756000000.0,0.0,,,,,,,241180000000.0,186837000000.0,126238000000.0,60599000000.0,,,,,,,5834000000.0,6610000000.0,797000000.0,513000000.0,3151000000.0,,426000000.0,275000000.0,,,,,,,,,,,,,,195000000.0,,25809000000.0,,9627000000.0,,15325000000.0,,3692000000.0,,9694000000.0,1400000000.0,7400000000.0,,,,,,,,,,,501000000.0,,,,,,,1298000000.0,800000000.0,1038000000.0,1218000000.0,1289000000.0,3984000000.0,1200000000.0,-3406000000.0,905000000.0,-525000000.0,,,,,-3407000000.0,,2527000000.0,,,4115000000.0,3973000000.0,,9328000000.0,9400000000.0,,,,49099000000.0,,,72903000000.0,537000000.0,3240000000.0,5686000000.0,1000000.0,-1000000.0,21000000.0,-382000000.0,-104000000.0,-441000000.0,72738000000.0,6969000000.0,90403000000.0,41304000000.0,13712000000.0,,,,,5340000000.0,237100000000.0,,1141000000.0,,,,,,,,,,,,,,,,,-37000000.0,,,2212000000.0,489000000.0,1824000000.0,2431000000.0,,,104193000000.0,,3000000000.0,58485000000.0,9395000000.0,8583000000.0,8750000000.0,10183000000.0,,73056000000.0,209000000.0,4289000000.0,11964000000.0,40201000000.0,776000000.0,18500.0,138000000.0,,8797000000.0,41304000000.0,13313000000.0,,,,,,,,,,,,,,,8784000000.0,93735000000.0,,-1081000000.0,1044000000.0,14555000000.0,6500000000.0,15636000000.0,,137000000.0,,10903000000.0,13735000000.0,1893000000.0,,,-3026000000.0,,444000000.0,,,800000000.0,25913000000.0,9300000000.0,218000000.0,3022000000.0,353000000.0,62900000000.0,33589000000.0,234386000000.0,1889000000.0,4289000000.0,2400000000.0,5624000000.0,5800000000.0,871000000.0,9300000000.0,-675000000.0,1515000000.0,-3000000.0,3000000000.0,142649000000.0,33327000000.0,0.0,62900000000.0,,268000000.0,2447000000.0,1596000000.0,3202000000.0,1749000000.0,66000000.0,20300000000.0,209000000.0,4289000000.0,241180000000.0,237100000000.0,3400000000.0,8800000000.0,5966000000.0,60599000000.0,1889000000.0,126238000000.0,2400000000.0,186837000000.0,4289000000.0,40388000000.0,170799000000.0,,,,,,,,,,,,,,,,,,,,,,,,,,,,,,,,,,,,,,,,,,,,,,,,,,,,,,,,,,,,,,,,,,,
2018-12-29,,44293000000.0,18077000000.0,,,,,,-3588000000.0,,,,,373719000000.0,140828000000.0,,,,,44771000000.0,18858000000.0,,,,19742000000.0,52279000000.0,,,,,,,,,53000000.0,,,,,,,,,,,,,,,,32031000000.0,,,,3941000000.0,4916000000.0,,,,,,,-8501000000.0,-5130000000.0,,1076000000.0,886000000.0,570000000.0,-6905000000.0,,4988000000.0,,255827000000.0,373719000000.0,108283000000.0,-13676000000.0,5844000000.0,26690000000.0,19965000000.0,560000000.0,8685000000.0,23346000000.0,12432000000.0,34686000000.0,,,,,,-334000000.0,,,54555000000.0,56000000.0,,7077000000.0,167000000.0,,427000000.0,,0.0,7203000000.0,,9723000000.0,,,,3902000000.0,80510000000.0,,,,,4783000000.0,1559000000.0,,,,,,,,117892000000.0,,,,,,,,,,,,,,,,,,,,,,,,,,,,,,,,,,,,,,,,,,,,18904000000.0,,9900000000.0,,23607000000.0,,3819000000.0,,14700000000.0,1200000000.0,8200000000.0,,,,,,,,,,,,,,,,,,,,,,,,,147000000.0,-292000000.0,-78000000.0,,,,,110000000.0,,1318000000.0,,,996000000.0,1123000000.0,,7400000000.0,14000000000.0,,,,51929000000.0,,,23906000000.0,,890000000.0,1307000000.0,,-37000000.0,,-42000000.0,,143000000.0,8796000000.0,0.0,91526000000.0,39597000000.0,3568000000.0,,,,,1559000000.0,,,,,,,,,,,,,,,,,,,,6000000.0,,,,,,,,,103770000000.0,,809000000.0,,,,,,,8236000000.0,,,11969000000.0,40970000000.0,,,-260000000.0,,,,3355000000.0,,,,,,,,,,,,,,,9772000000.0,92989000000.0,,-2005000000.0,2011000000.0,2166000000.0,0.0,4171000000.0,,,,3395000000.0,,750000000.0,,,-223000000.0,,54000000.0,,,300000000.0,44771000000.0,,210000000.0,836000000.0,,,30948000000.0,232891000000.0,,,,18858000000.0,2400000000.0,,,,,-370000000.0,809000000.0,147544000000.0,36703000000.0,0.0,84310000000.0,,,,,,,,19900000000.0,94000000.0,3871000000.0,248812000000.0,245035000000.0,,8400000000.0,5546000000.0,127006000000.0,2718000000.0,53336000000.0,1153000000.0,180342000000.0,3871000000.0,41656000000.0,158608000000.0,2200000000.0,1500000000.0,,,,,,,,,,,,,,,,,,,,,,,,,,,,,,,,,,,,,,,,,,,,,,,,,,,,,,,,,,,,,,,,,
2019-03-30,,30443000000.0,15085000000.0,,,,,,-1499000000.0,,,,,341998000000.0,123346000000.0,,,,,37988000000.0,,,,,13650000000.0,36194000000.0,,,,,,,,,-124000000.0,,,,,,,,,,,,,,,,21821000000.0,,,,2232000000.0,9497000000.0,,,,,,,-20024000000.0,-8094000000.0,,1006000000.0,717000000.0,-3273000000.0,-14616000000.0,,4884000000.0,,236138000000.0,341998000000.0,93772000000.0,-43133000000.0,19192000000.0,37845000000.0,11561000000.0,378000000.0,8406000000.0,13415000000.0,12092000000.0,34587000000.0,,,,,,-50000000.0,,,52165000000.0,-30000000.0,,13854000000.0,291000000.0,,490000000.0,,390000000.0,16880000000.0,,22635000000.0,,,,3948000000.0,64558000000.0,,,,,4458000000.0,3073000000.0,,,,,,,,105860000000.0,,,,,,,,,,,,,,,,,,,,,,,,,,,,,,,,,,,,,,,,,,,,11193000000.0,,10400000000.0,,21179000000.0,,3487000000.0,,14900000000.0,1300000000.0,7300000000.0,,,,,,,,,,,,,,,,,,,,,,,,,2070000000.0,-155000000.0,174000000.0,,,,,2042000000.0,,1427000000.0,,,915000000.0,583000000.0,,7600000000.0,12800000000.0,,,,54290000000.0,,,13793000000.0,,1010000000.0,1358000000.0,,-28000000.0,,105000000.0,,30000000.0,32498000000.0,0.0,93036000000.0,38746000000.0,7011000000.0,,,,,1514000000.0,,,,,,,,,,,,,,,,,,,,-36000000.0,100000000000.0,,,,,,,,101242000000.0,,828000000.0,,,,,,,32200000000.0,,,11924000000.0,42801000000.0,,,-181000000.0,,,,5718000000.0,,,,,,,,,,,,,,,10505000000.0,90201000000.0,,2448000000.0,-2484000000.0,10235000000.0,2500000000.0,7787000000.0,,,,6435000000.0,,331000000.0,,,2089000000.0,,215000000.0,,,300000000.0,39817000000.0,,202000000.0,1762000000.0,,,30986000000.0,218652000000.0,,,,13904000000.0,1900000000.0,,,,,-540000000.0,828000000.0,142366000000.0,35368000000.0,-51000000.0,58015000000.0,,,,,,,,19300000000.0,385000000.0,1532000000.0,226558000000.0,225411000000.0,,8200000000.0,5532000000.0,131393000000.0,1445000000.0,18814000000.0,87000000.0,150207000000.0,1532000000.0,42104000000.0,145319000000.0,2300000000.0,1500000000.0,206000000.0,0.0,341000000.0,1488000000.0,,,,,,,,,,,,,,,,,,,,,,,,,,,,,,,,,,,,,,,,,,,,,,,,,,,,,,,,,,,,,
2019-04-29,,,,,,,,,,,,,,,,,,,,,,,,,,,,,,,,,,,,,,,,,,,,,,,,,,,,,,,,,,,,,,,,,,,,,,,,,,,,,,,,,,,,,,,,,,,,,,,,,,,,,,,,,,,,,,,,,,,,,,,,,,,,,,,,,,,,,,,,,,,,,,,,,,,,,,,,,,,,,,,,,,,,,,,,,,,,,,,,,,,,,,,,,,,,,,,,,,,,,,,,,,,,,,,,,,,,,,,,,,,,,,,,,,,,,,,,,,,,,,,,,,,,,,,,,,,,,,,,,,,,,,,,,100000000000.0,,,,,,,,,,,,,,,,,,,,,,,,,,,,,,,,,,,,,,,,,,,,,,,,,,,,,,,,,,,,,,,,,,,,,,,,,,,,,,,,,,,,,,,,,,,,,,,,,,,,,,,,,,,,,,,,,,,,,,,,,,,,,,,,,,,,,,,,,,,,,,,,,,,,,,,,,,,,,,,,,,,,,,,,,,,,,,,,,
2019-04-30,,,,,,,,,,,,,,,,,,,,,,,,,,,,,,,,,,,,,,,,,,,,,,,,,,,,,,,,,,,,,,,,,,,,,,,,,,,,,,,,,,,,,,,,,,,,,,,,,,,,,,,,,,,,,,,,,,,,,,,,,,,,,,,,,,,,,,,,,,,,,,,,,,,,,,,,,,,,,,,,,,,,,,,,,,,,,,,,,,,,,,,,,,,,,,,,,,,,,,,,,,,,,,,,,,,,,,,,,,,,,,,,,,,,,,,,,,,,,,,,,,,,,,,,,,,,,,,,,,,,,,,,,175000000000.0,,,,,,,,,,,,,,,,,,,,,,,,,,,,,,,,,,,,,,,,,,,,,,,,,,,,,,,,,,,,,,,,,,,,,,,,,,,,,,,,,,,,,,,,,,,,,,,,,,,,,,,,,,,,,,,,,,,,,,,,,,,,,,,,,,,,,,,,,,,,,,,,,,,,,,,,,,,,,,,,,,,,,,,,,,,,,,,,,
2019-06-29,,29115000000.0,14148000000.0,,,,,,-639000000.0,,,,,322239000000.0,134973000000.0,,,,,50530000000.0,,,,,10904000000.0,33582000000.0,,,,,,,,,-38000000.0,,,,,,,,,,,,,,,,20227000000.0,,,,1867000000.0,11795000000.0,,,,,,,-19804000000.0,-9013000000.0,,-496000000.0,-693000000.0,-8753000000.0,-13483000000.0,,3355000000.0,,225783000000.0,322239000000.0,89704000000.0,-69937000000.0,46694000000.0,49481000000.0,10044000000.0,367000000.0,8683000000.0,11544000000.0,10530000000.0,33634000000.0,,,,,,-108000000.0,,,51143000000.0,268000000.0,,21902000000.0,611000000.0,,632000000.0,,391000000.0,26783000000.0,,49516000000.0,,,,4257000000.0,53724000000.0,,,,,4426000000.0,4569000000.0,,,,,,,,96456000000.0,,,,,,,,,,,,,,,,,,,,,,,,,,,,,,,,,,,,,,,,,,,,12326000000.0,,11100000000.0,,20622000000.0,,3123000000.0,,14800000000.0,1300000000.0,8100000000.0,,,,,,,,,,,,,,,,,,,,,,,,,1231000000.0,-152000000.0,-219000000.0,,,,,1253000000.0,,2626000000.0,,,912000000.0,548000000.0,,8100000000.0,11600000000.0,,,,56348000000.0,,,11911000000.0,,866000000.0,1190000000.0,,22000000.0,,44000000.0,,43000000.0,49453000000.0,0.0,93984000000.0,37636000000.0,10640000000.0,,,,,1496000000.0,,,,,,,,,,,,,,,,,,,,-2026000000.0,,,,,,,,,98322000000.0,,,,,,,,,49200000000.0,,,9953000000.0,43371000000.0,,,-14000000.0,,,,7718000000.0,,,,,,,,,,,,,,,13529000000.0,84936000000.0,,1694000000.0,-3720000000.0,12977000000.0,5500000000.0,11283000000.0,,,,9368000000.0,,502000000.0,,,860000000.0,,340000000.0,,,400000000.0,52151000000.0,,194000000.0,2563000000.0,1526000000.0,,30521000000.0,187266000000.0,,,,26238000000.0,2000000000.0,,,,,-776000000.0,790000000.0,136079000000.0,31673000000.0,-83000000.0,53809000000.0,,,,,,,,19500000000.0,892000000.0,461000000.0,210179000000.0,210610000000.0,,8000000000.0,5434000000.0,71984000000.0,417000000.0,11853000000.0,44000000.0,83837000000.0,461000000.0,44084000000.0,115996000000.0,2400000000.0,,171000000.0,0.0,266000000.0,1355000000.0,,,,,,,,,,,,,,,,,,,,,,,,,,,,,,,,,,,,,,,,,,,,,,,,,,,,,,,,,,,,,
2019-09-28,,46236000000.0,22926000000.0,,,,,,-584000000.0,,,,,338516000000.0,162819000000.0,,,,,48844000000.0,,,,,58037000000.0,161782000000.0,,,,6384000000.0,3962000000.0,475000000.0,-2939000000.0,2666000000.0,-340000000.0,,,-67000000.0,,,,,,,3445000000.0,,6628000000.0,,,,24313000000.0,,44300000000.0,,10481000000.0,15263000000.0,-2625000000.0,13805000000.0,,,423000000.0,548000000.0,-1923000000.0,-245000000.0,,289000000.0,-873000000.0,-4700000000.0,-2931000000.0,,4106000000.0,,248028000000.0,338516000000.0,105718000000.0,-90976000000.0,45896000000.0,69391000000.0,13686000000.0,1807000000.0,34462000000.0,63930000000.0,12352000000.0,32978000000.0,,,,,,-661000000.0,,,50503000000.0,1078000000.0,,39630000000.0,624000000.0,,1001000000.0,,781000000.0,40102000000.0,,56988000000.0,,,,16217000000.0,45898000000.0,,,,,18245000000.0,6068000000.0,,,,,,,408000000.0,90488000000.0,,,852000000.0,79000000.0,,,,,,,,,,,,,,,,20387000000.0,8045000000.0,19640000000.0,2174000000.0,749000000.0,5196000000.0,747000000.0,,330000000.0,,,,,,,,,,,,,,,,22878000000.0,,10838000000.0,,20958000000.0,,3570000000.0,,15619000000.0,1300000000.0,8600000000.0,,,,,,,,,,,600000000.0,,,,,,,1306000000.0,834000000.0,912000000.0,1137000000.0,1276000000.0,5373000000.0,1300000000.0,3827000000.0,-638000000.0,-408000000.0,,,,,3802000000.0,,2817000000.0,,,3857000000.0,3735000000.0,,8211000000.0,10500000000.0,,,,58579000000.0,,,65737000000.0,214000000.0,3576000000.0,4961000000.0,,-25000000.0,,-23000000.0,,422000000.0,66897000000.0,6963000000.0,95957000000.0,37378000000.0,14119000000.0,,,,,6068000000.0,,,1372000000.0,,,,,,,,,,,,,,,,,-5977000000.0,,,686000000.0,73000000.0,1697000000.0,5845000000.0,,,101679000000.0,,3200000000.0,53802000000.0,10039000000.0,9290000000.0,9528000000.0,8750000000.0,,67100000000.0,,,5980000000.0,45174000000.0,11595000000.0,19000.0,-407000000.0,,10270000000.0,37378000000.0,10495000000.0,,,,,,,,,,,,,,,10260000000.0,91807000000.0,,-2729000000.0,-3248000000.0,13874000000.0,8805000000.0,16603000000.0,,,,12547000000.0,,1967000000.0,,,2781000000.0,,652000000.0,,,2000000000.0,50224000000.0,,224000000.0,3423000000.0,1634000000.0,,29545000000.0,175697000000.0,,,,24311000000.0,5900000000.0,0.0,11300000000.0,-639000000.0,0.0,-625000000.0,3200000000.0,142310000000.0,37720000000.0,-105000000.0,64040000000.0,,218000000.0,2476000000.0,1162000000.0,2386000000.0,1859000000.0,110000000.0,18900000000.0,1202000000.0,281000000.0,204977000000.0,205898000000.0,,8100000000.0,5522000000.0,28167000000.0,143000000.0,28151000000.0,138000000.0,56318000000.0,281000000.0,51713000000.0,105341000000.0,2900000000.0,,777000000.0,,23000000.0,1357000000.0,11645000000.0,0.0,186000000.0,5980000000.0,,,,,,,,,,,,,,,,,,,,,,,,,,,,,,,,,,,,,,,,,,,,,,,,,,,,,,,,,
2019-12-28,,45111000000.0,20970000000.0,,,,,,-418000000.0,,,,,340618000000.0,163231000000.0,,,,,39771000000.0,,,,,22266000000.0,56602000000.0,,,,,,,,,-349000000.0,,,,,,,,,,,,,,,,35217000000.0,,,,3682000000.0,4393000000.0,,,,,,,-1089000000.0,-2015000000.0,,28000000.0,7054000000.0,5514000000.0,-3902000000.0,,4097000000.0,,251087000000.0,340618000000.0,102161000000.0,-25407000000.0,-13668000000.0,30516000000.0,22236000000.0,349000000.0,9648000000.0,25569000000.0,12026000000.0,40457000000.0,,,,,,,,,55848000000.0,207000000.0,,37416000000.0,958000000.0,,77000000.0,,2000000.0,19740000000.0,,7280000000.0,,,,4451000000.0,43977000000.0,,,,,5197000000.0,1710000000.0,,,,,,,,89531000000.0,,,,,,,,,,,,,,,,,,,,,,,,,,,,,,,,,,,,,,,,,,,,18976000000.0,,,,27650000000.0,,3873000000.0,,16400000000.0,1500000000.0,8900000000.0,,,,,,,,,,,,,,,,,,,,,,,,,115000000.0,,202000000.0,,,,,125000000.0,,1379000000.0,,,915000000.0,1218000000.0,,10500000000.0,15700000000.0,,,,60959000000.0,,,25918000000.0,,785000000.0,1045000000.0,,10000000.0,,,,89000000.0,20706000000.0,2210000000.0,97990000000.0,37031000000.0,3539000000.0,,,,,1710000000.0,,,,,,,,,,,,,,,,,,,,-979000000.0,,,,,,,,,103086000000.0,,,,,,,,,20000000000.0,,,4990000000.0,45972000000.0,,,-128000000.0,,,,2107000000.0,,,,,,,,,,,,,,,10224000000.0,93078000000.0,,-804000000.0,-175000000.0,1317000000.0,1000000000.0,2121000000.0,,,,2816000000.0,,758000000.0,,,30000000.0,,142000000.0,,,2300000000.0,41665000000.0,,229000000.0,771000000.0,,,28198000000.0,177387000000.0,,,,-8559000000.0,1900000000.0,,,,,985000000.0,757000000.0,148926000000.0,36263000000.0,-16000000.0,91819000000.0,,,,,,,,19100000000.0,1310000000.0,239000000.0,205990000000.0,207061000000.0,,9100000000.0,5573000000.0,,,,,,,67391000000.0,99899000000.0,2900000000.0,,128000000.0,,68000000.0,1826000000.0,,,,,641000000.0,1084000000.0,921000000.0,25000000.0,46000000.0,35000000.0,34000000.0,23000000.0,443000000.0,9057000000.0,3579000000.0,845000000.0,966000000.0,1218000000.0,1398000000.0,1051000000.0,1239000000.0,369000000.0,7818000000.0,349000000.0,271000000.0,398000000.0,489000000.0,-89000000.0,3000000000.0,,,,,,,,,,,,,,,,,,,,,,,,,,,,,,,,
2020-03-28,,32421000000.0,15722000000.0,,,,,,-2789000000.0,,,,,320400000000.0,143753000000.0,,,,,40174000000.0,,,,,8878000000.0,35943000000.0,,,,,,,,,-651000000.0,,,,,,,,,,,,,,,,22370000000.0,,,,1886000000.0,7505000000.0,,,,,,,-13520000000.0,-7284000000.0,,-699000000.0,8866000000.0,7500000000.0,-7923000000.0,,3334000000.0,,241975000000.0,320400000000.0,96094000000.0,-46347000000.0,-4655000000.0,43827000000.0,11249000000.0,282000000.0,9517000000.0,12853000000.0,15691000000.0,41965000000.0,,,,,,,,,56795000000.0,572000000.0,,66489000000.0,1134000000.0,,146000000.0,,430000000.0,39738000000.0,,27762000000.0,,,,4565000000.0,33182000000.0,,,,,4952000000.0,3407000000.0,,,,,,,,78425000000.0,,,,,,,,,,,,,,,,,,,,,,,,,,,,,,,,,,,,,,,,,,,,14955000000.0,,,,28607000000.0,,3923000000.0,,16700000000.0,1300000000.0,8900000000.0,,,,,,,,,,,,,,,,,,,,,,,,,-2296000000.0,,-566000000.0,,,,,-2325000000.0,,1566000000.0,,,689000000.0,739000000.0,,9900000000.0,14500000000.0,,,,62854000000.0,,,13135000000.0,,757000000.0,1049000000.0,,-29000000.0,,,,-10000000.0,39280000000.0,2210000000.0,98743000000.0,35889000000.0,6914000000.0,,,,,1697000000.0,,,,,,,,,,,,,,,,,,,,1518000000.0,175000000000.0,,,,,,,,97968000000.0,,,,,,,,,38500000000.0,,,,48032000000.0,,,-279000000.0,,,,3960000000.0,,,,,,,,,,,,,,,10392000000.0,89086000000.0,,141000000.0,1377000000.0,4797000000.0,5250000000.0,4656000000.0,,,,5602000000.0,,444000000.0,,,-2371000000.0,,259000000.0,,,2300000000.0,43049000000.0,,220000000.0,1689000000.0,,,28188000000.0,176647000000.0,,,,-7175000000.0,1900000000.0,,,,,1223000000.0,725000000.0,145881000000.0,37324000000.0,-51000000.0,58313000000.0,,,,,,,,17600000000.0,1008000000.0,2923000000.0,194759000000.0,192844000000.0,,9400000000.0,5928000000.0,,,,,,,53877000000.0,98793000000.0,2800000000.0,,126000000.0,2556000000.0,1077000000.0,1798000000.0,,,,10029000000.0,648000000.0,1087000000.0,920000000.0,26000000.0,49000000.0,38000000.0,40000000.0,14000000.0,439000000.0,9596000000.0,4269000000.0,951000000.0,1091000000.0,1298000000.0,1428000000.0,559000000.0,990000000.0,363000000.0,8606000000.0,353000000.0,-528000000.0,-634000000.0,-818000000.0,258000000.0,1900000000.0,2600000000.0,,,,,,,,,,,,,,,,,,,,,,,,,,,,,,,
2020-06-27,,35325000000.0,17882000000.0,,,,,,-550000000.0,,,,,317344000000.0,140065000000.0,,,,,33383000000.0,,,,,13492000000.0,37005000000.0,,,,,,,,,182000000.0,,,,,,,,,,,,,,,,22680000000.0,,,,1884000000.0,8410000000.0,,,,,,,-10787000000.0,-5149000000.0,,-10000000.0,6760000000.0,3867000000.0,-8685000000.0,,3978000000.0,,245062000000.0,317344000000.0,95318000000.0,-65463000000.0,-9820000000.0,60098000000.0,11253000000.0,46000000.0,9589000000.0,13091000000.0,10987000000.0,41000000000.0,,,,,,,,,55696000000.0,841000000.0,,96606000000.0,1473000000.0,,210000000.0,,430000000.0,54865000000.0,,39760000000.0,,,,4758000000.0,24136000000.0,,,,,4831000000.0,5105000000.0,,,,,,,,72282000000.0,,,,,,,,,,,,,,,,,,,,,,,,,,,,,,,,,,,,,,,,,,,,14193000000.0,,,,27508000000.0,,3904000000.0,,16200000000.0,1300000000.0,8600000000.0,,,,,,,,,,,,,,,,,,,,,,,,,3087000000.0,,194000000.0,,,,,3098000000.0,,3234000000.0,,,576000000.0,557000000.0,,9200000000.0,13400000000.0,,,,65230000000.0,,,13137000000.0,,697000000.0,901000000.0,,11000000.0,,,,-158000000.0,55171000000.0,10635000000.0,100917000000.0,35687000000.0,10570000000.0,,,,,1698000000.0,,,,,,,,,,,,,,,,,,,,31000000.0,225000000000.0,,,,,,,,100065000000.0,,,,,,,,,54500000000.0,,,,48696000000.0,,,-197000000.0,,,,5525000000.0,,,,,,,,,,,,,,,7509000000.0,94048000000.0,,-370000000.0,401000000.0,5373000000.0,12629000000.0,5743000000.0,,,,8354000000.0,,740000000.0,,,2239000000.0,,94000000.0,,,4800000000.0,35039000000.0,,279000000.0,2275000000.0,58000000.0,,28188000000.0,177279000000.0,,,,-15185000000.0,2100000000.0,,,,,1649000000.0,664000000.0,149744000000.0,35005000000.0,-120000000.0,59685000000.0,,,,,,,,18300000000.0,2672000000.0,574000000.0,191519000000.0,193617000000.0,,9800000000.0,6313000000.0,,,,,,,59642000000.0,100592000000.0,2800000000.0,,119000000.0,5165000000.0,29000000.0,1627000000.0,,,,11166000000.0,650000000.0,1082000000.0,920000000.0,27000000.0,50000000.0,39000000.0,41000000.0,5000000.0,432000000.0,9857000000.0,4511000000.0,994000000.0,1183000000.0,1356000000.0,1504000000.0,309000000.0,1044000000.0,381000000.0,8813000000.0,388000000.0,360000000.0,1120000000.0,1386000000.0,-220000000.0,1800000000.0,5300000000.0,,,,,,,,,,,,,,,,,,,,,,,,,,,,,,,
2020-09-26,,42296000000.0,16120000000.0,,,,,,-406000000.0,,,,,323888000000.0,143713000000.0,,,,,38016000000.0,,,,,57453000000.0,169559000000.0,,,,6306000000.0,3134000000.0,455000000.0,-3619000000.0,3383000000.0,-215000000.0,,,21000000.0,,,,,,,2687000000.0,,6517000000.0,,,,24689000000.0,,38100000000.0,,9680000000.0,9501000000.0,-2534000000.0,14089000000.0,,,423000000.0,728000000.0,-4062000000.0,-6917000000.0,,127000000.0,9588000000.0,8916000000.0,-1553000000.0,,4061000000.0,,258549000000.0,323888000000.0,105392000000.0,-86820000000.0,-4289000000.0,80674000000.0,12673000000.0,803000000.0,38668000000.0,66288000000.0,11264000000.0,42522000000.0,,,,,,,,,54490000000.0,909000000.0,,114938000000.0,1524000000.0,,210000000.0,,880000000.0,69918000000.0,,50473000000.0,,,,18752000000.0,14966000000.0,,,,,19916000000.0,6829000000.0,,,,,,,476000000.0,65339000000.0,,,85000000.0,69000000.0,,,,,,,,,,,,,,,,19336000000.0,8157000000.0,18295000000.0,1612000000.0,,4934000000.0,1041000000.0,,,,,,,,,,,,,,,,,,21325000000.0,,,,26320000000.0,,3354000000.0,,16475000000.0,1400000000.0,8800000000.0,,,,,,,,,,,705000000.0,,,,,,,,,,,,,,1139000000.0,,88000000.0,,,,,1202000000.0,,3634000000.0,,,2956000000.0,2740000000.0,,8652000000.0,12200000000.0,,,,66760000000.0,,,67091000000.0,111000000.0,2873000000.0,3763000000.0,,63000000.0,,,,-87000000.0,72358000000.0,16091000000.0,103526000000.0,36766000000.0,14081000000.0,,,,,6829000000.0,,,1638000000.0,,,,,,,,,,,,,,,,,-963000000.0,225000000000.0,,791000000.0,85000000.0,1347000000.0,454000000.0,,,106078000000.0,,2800000000.0,55341000000.0,10914000000.0,10115000000.0,11389000000.0,9569000000.0,,72500000000.0,,,4996000000.0,50779000000.0,10138000000.0,19500.0,-312000000.0,,8750000000.0,36766000000.0,7309000000.0,,,,,,,,,,,,,,,8773000000.0,98667000000.0,,-1063000000.0,100000000.0,6185000000.0,12629000000.0,7248000000.0,,,,11056000000.0,,2476000000.0,,,42000000.0,,97000000.0,,,3900000000.0,39789000000.0,,314000000.0,3002000000.0,92000000.0,,28170000000.0,180175000000.0,,,,-10435000000.0,5000000000.0,,9700000000.0,-930000000.0,-582000000.0,2081000000.0,2800000000.0,153157000000.0,42684000000.0,754000000.0,64698000000.0,,104000000.0,3476000000.0,357000000.0,2885000000.0,1700000000.0,130000000.0,18600000000.0,2784000000.0,385000000.0,189431000000.0,191830000000.0,,10200000000.0,6643000000.0,,,,,,,52927000000.0,100887000000.0,2800000000.0,,465000000.0,5200000000.0,36000000.0,1737000000.0,8317000000.0,1862000000.0,526000000.0,,661000000.0,1090000000.0,895000000.0,25000000.0,30000000.0,54000000.0,43000000.0,,429000000.0,10144000000.0,3845000000.0,960000000.0,1068000000.0,1317000000.0,1461000000.0,,963000000.0,1500000000.0,9181000000.0,1500000000.0,308000000.0,1264000000.0,1545000000.0,-168000000.0,9300000000.0,,797000000.0,875000000.0,24000000.0,637000000.0,43000000.0,629000000.0,1493000000.0,1436000000.0,7745000000.0,8570000000.0,5200000000.0,1773000000.0,169000000.0,,,,,,,,,,,,,,,,,,
2020-12-26,,63846000000.0,27101000000.0,,,,,,179000000.0,,,,,354054000000.0,154106000000.0,,,,,36010000000.0,,,,,29340000000.0,67111000000.0,,,,,,,,,-58000000.0,,,,,,,,,,,,,,,,44328000000.0,,,,4824000000.0,1787000000.0,,,,,,,21670000000.0,10945000000.0,,950000000.0,3526000000.0,7959000000.0,10194000000.0,,4973000000.0,,287830000000.0,354054000000.0,132507000000.0,-32249000000.0,-8584000000.0,38763000000.0,28755000000.0,45000000.0,10794000000.0,33534000000.0,13687000000.0,43270000000.0,,,,,,,,,56042000000.0,-195000000.0,,39800000000.0,9000000.0,,,,0.0,25177000000.0,,9344000000.0,,,,5163000000.0,14301000000.0,,,,,5631000000.0,2020000000.0,,,,,,,,66224000000.0,,,,,,,,,,,,,,,,,,,,,,,,,,,,,,,,,,,,,,,,,,,,31519000000.0,,,,27872000000.0,,4124000000.0,,17100000000.0,1600000000.0,9000000000.0,,215000000.0,,,,,,,,,,,,,,,,,,,,,,,523000000.0,,549000000.0,,,,,628000000.0,,2861000000.0,,,723000000.0,1493000000.0,,8100000000.0,18200000000.0,,,,67560000000.0,,,33579000000.0,,638000000.0,747000000.0,,105000000.0,,,,-64000000.0,24775000000.0,0.0,105493000000.0,37933000000.0,3613000000.0,,,,,2020000000.0,,,,,,,,,,,,,,,,,,,,22000000.0,225000000000.0,,,,,,,,105863000000.0,,,,,,,,,24000000000.0,,,5000000000.0,51744000000.0,,,-684000000.0,,,,3500000000.0,,,,,,,,,,,,,,,7762000000.0,99281000000.0,,-1417000000.0,1439000000.0,780000000.0,1000000000.0,2197000000.0,,,,2666000000.0,,1624000000.0,,,585000000.0,,-25000000.0,,,4100000000.0,37719000000.0,,305000000.0,619000000.0,,,28170000000.0,199948000000.0,,,,-2070000000.0,2500000000.0,,,,,1341000000.0,628000000.0,155323000000.0,48504000000.0,-22000000.0,111439000000.0,,,,,,,,19500000000.0,3130000000.0,141000000.0,192582000000.0,195571000000.0,,11600000000.0,7395000000.0,,,,,,,40816000000.0,118745000000.0,2500000000.0,,82000000.0,,,,,,,,,,,,,,,,,,,,,,,,,,,,-137000000.0,,311000000.0,-138000000.0,,,,,,,,,,,,,,1709000000.0,,,,,,,,,,,,,,,,,,,
2021-03-27,,40127000000.0,18503000000.0,,,,,,-286000000.0,,,,,337158000000.0,121465000000.0,,,,,38466000000.0,,,,,23165000000.0,51505000000.0,,,,,,,,,-207000000.0,,,,,,,,,,,,,,,,38079000000.0,,,,4381000000.0,10276000000.0,,,,,,,-1997000000.0,2347000000.0,,1226000000.0,4333000000.0,3045000000.0,-6792000000.0,,5219000000.0,,267980000000.0,337158000000.0,106385000000.0,-43575000000.0,-18952000000.0,62744000000.0,23630000000.0,508000000.0,10576000000.0,27503000000.0,13376000000.0,43339000000.0,,,,,,,,,52953000000.0,0.0,,74424000000.0,9000000.0,,,,561000000.0,39605000000.0,,21645000000.0,,,,5262000000.0,15261000000.0,,,,,5314000000.0,4001000000.0,,,,,,,,69178000000.0,,,,,,,,,,,,,,,,,,,,,,,,,,,,,,,,,,,,,,,,,,,,14533000000.0,,,,27791000000.0,,3784000000.0,,16900000000.0,1600000000.0,8300000000.0,,,,,,,,,,,,,,,,,,,,,,,,,-1478000000.0,,-78000000.0,,,,,-1403000000.0,,3160000000.0,,,649000000.0,309000000.0,,8200000000.0,16700000000.0,,,,69465000000.0,,,28011000000.0,,670000000.0,718000000.0,,75000000.0,,,,460000000.0,43323000000.0,13923000000.0,107280000000.0,37815000000.0,7060000000.0,,,,,1981000000.0,,,,,,,,,,,,,,,,,,,,22000000.0,225000000000.0,,,,,,,,116005000000.0,,,,,,,,,43000000000.0,,,5000000000.0,54203000000.0,,,-233000000.0,,,,5769000000.0,,,,,,,,,,,,,,,8003000000.0,108642000000.0,,-1986000000.0,2008000000.0,1368000000.0,4500000000.0,3354000000.0,,,,5463000000.0,,575000000.0,,,-465000000.0,,474000000.0,,,3100000000.0,40006000000.0,,371000000.0,1327000000.0,,,25162000000.0,215693000000.0,,,,217000000.0,2700000000.0,,,,,1642000000.0,657000000.0,161595000000.0,45660000000.0,523000000.0,89584000000.0,,,,,,,,19000000000.0,,,,,,11900000000.0,7595000000.0,,,,,,,31368000000.0,134539000000.0,2700000000.0,,60000000.0,0.0,,,,,,,,,,,,,,,,,,,,,,,,,,,377000000.0,,-887000000.0,41000000.0,,,,935000000.0,,,,,,,,,,1540000000.0,,22340000000.0,28835000000.0,83364000000.0,134539000000.0,,,,,,,,,,,,,,
2021-06-26,,40409000000.0,17475000000.0,,,,,,58000000.0,,,,,329840000000.0,114423000000.0,,,,,34050000000.0,,,,,22088000000.0,46179000000.0,,,,,,,,,-737000000.0,,,,,,,,,,,,,,,,35255000000.0,,,,2625000000.0,18536000000.0,,,,,,,-1786000000.0,1316000000.0,,1213000000.0,5899000000.0,463000000.0,-4892000000.0,,5178000000.0,,265560000000.0,329840000000.0,107754000000.0,-72971000000.0,-15380000000.0,83838000000.0,21744000000.0,243000000.0,11129000000.0,24126000000.0,13641000000.0,44854000000.0,,,,,,,,,52054000000.0,78000000.0,,94052000000.0,13000000.0,,,,561000000.0,49880000000.0,,36745000000.0,,,,5717000000.0,9233000000.0,,,,,5412000000.0,5961000000.0,,,,,,,,64280000000.0,,,,,,,,,,,,,,,,,,,,,,,,,,,,,,,,,,,,,,,,,,,,16433000000.0,,,,27131000000.0,,3532000000.0,,16800000000.0,1600000000.0,7600000000.0,,,,,,,,,,,,,,,,,,,,,,,,,163000000.0,,188000000.0,,,,,217000000.0,,5855000000.0,,,636000000.0,384000000.0,,8800000000.0,15300000000.0,,,,70242000000.0,,,24369000000.0,,665000000.0,719000000.0,,54000000.0,,,,189000000.0,66223000000.0,13923000000.0,108857000000.0,38615000000.0,10827000000.0,,,,,1960000000.0,,,,,,,,,,,,,,,,,,,,3022000000.0,315000000000.0,,,,,,,,113193000000.0,,,,,,,,,65500000000.0,,,8000000000.0,54989000000.0,,,6000000.0,,,,7862000000.0,,,,,,,,,,,,,,,8039000000.0,105752000000.0,,277000000.0,2745000000.0,3993000000.0,7500000000.0,3716000000.0,,,,8295000000.0,,1319000000.0,,,344000000.0,,689000000.0,,,2400000000.0,35276000000.0,,360000000.0,1870000000.0,,,24923000000.0,215417000000.0,,,,-4513000000.0,3000000000.0,,,,,1738000000.0,657000000.0,157806000000.0,43625000000.0,489000000.0,81434000000.0,,,,,,,,18900000000.0,,,,,,12000000000.0,7681000000.0,,,,,,,27646000000.0,131948000000.0,2800000000.0,,57000000.0,0.0,,,,,,,,,,,,,,,,,,,,,,,,,,,-87000000.0,,8000000.0,63000000.0,,,,576000000.0,,,,,,,,,,1226000000.0,,22047000000.0,26324000000.0,83577000000.0,131948000000.0,,,,,,,,,,,,,,
2021-09-25,,54763000000.0,26278000000.0,,,,,,163000000.0,,,,,351002000000.0,134836000000.0,,,,,34940000000.0,,,,,95249000000.0,212981000000.0,,,,8257000000.0,9424000000.0,1620000000.0,-7176000000.0,2740000000.0,-4774000000.0,,,-338000000.0,,,,,,,1081000000.0,,12164000000.0,,,,152836000000.0,,68700000000.0,,14527000000.0,25385000000.0,-4715000000.0,22933000000.0,,,1151000000.0,1033000000.0,12326000000.0,10125000000.0,,2642000000.0,8042000000.0,7475000000.0,3903000000.0,,6580000000.0,,287912000000.0,351002000000.0,125481000000.0,-93353000000.0,-14545000000.0,104038000000.0,94680000000.0,258000000.0,43887000000.0,108949000000.0,14111000000.0,48849000000.0,,,,,,,,,53325000000.0,385000000.0,,109558000000.0,33000000.0,,131000000.0,,1105000000.0,59023000000.0,,47460000000.0,,,,21914000000.0,5562000000.0,,,,,21973000000.0,7906000000.0,,,,,,,1282000000.0,63090000000.0,,,1838000000.0,181000000.0,,,,,,,,,,,,,,,,25229000000.0,13073000000.0,20326000000.0,1639000000.0,,5895000000.0,4903000000.0,,,,,,,,,,,,,,,,,,25228000000.0,,,,28636000000.0,,3364000000.0,,15477000000.0,1500000000.0,6600000000.0,,,,,,,,,,,565000000.0,,,,,,,,,,,,,,-967000000.0,,501000000.0,,,,,-694000000.0,,6556000000.0,,,2674000000.0,2684000000.0,,8184000000.0,13600000000.0,,,,70283000000.0,,,109207000000.0,-300000000.0,2645000000.0,2843000000.0,,273000000.0,,,,60000000.0,85971000000.0,20393000000.0,109723000000.0,39440000000.0,14467000000.0,,,,,7906000000.0,,,5399000000.0,,,,,,,,,,,,,118700000000.0,,,,1022000000.0,315000000000.0,,1402000000.0,219000000.0,1607000000.0,816000000.0,,,118063000000.0,,2600000000.0,64565000000.0,11408000000.0,10914000000.0,10202000000.0,11391000000.0,,85500000000.0,,,6000000000.0,57365000000.0,7253000000.0,19500.0,,,9583000000.0,39440000000.0,11085000000.0,,,,,,,,,,,,,,,9613000000.0,109106000000.0,,1379000000.0,-357000000.0,7946000000.0,8750000000.0,6567000000.0,,,,11284000000.0,,4056000000.0,,,569000000.0,,4921000000.0,,,1200000000.0,35929000000.0,,380000000.0,2687000000.0,387000000.0,,24689000000.0,216166000000.0,,,,-3860000000.0,6700000000.0,,9500000000.0,-2137000000.0,0.0,1676000000.0,2600000000.0,162431000000.0,47493000000.0,976000000.0,365817000000.0,,51000000.0,4551000000.0,405000000.0,2165000000.0,984000000.0,28000000.0,17900000000.0,,,,,,11900000000.0,7612000000.0,,,,,,,27699000000.0,127877000000.0,,,,,,,5575000000.0,2167000000.0,203000000.0,,848000000.0,1266000000.0,868000000.0,26000000.0,46000000.0,99000000.0,123000000.0,,418000000.0,12187000000.0,5187000000.0,1061000000.0,1251000000.0,1499000000.0,1560000000.0,,1232000000.0,1700000000.0,10955000000.0,1400000000.0,,,,,12900000000.0,,4262000000.0,,79000000.0,769000000.0,104000000.0,861000000.0,1629000000.0,1449000000.0,9506000000.0,10087000000.0,,,1372000000.0,20207000000.0,23915000000.0,83755000000.0,127877000000.0,2600000000.0,1600000000.0,53000000.0,,,,,,,,,,,
2021-12-25,,74362000000.0,30213000000.0,,,,,,-927000000.0,,,,,381191000000.0,153154000000.0,,,,,37119000000.0,,,,,33540000000.0,69702000000.0,,,,,,,,,682000000.0,,,,,,,,,,,,,,,,54243000000.0,,,,6611000000.0,5235000000.0,,,,,,,19813000000.0,3934000000.0,,-681000000.0,4921000000.0,4236000000.0,9812000000.0,,5876000000.0,,309259000000.0,381191000000.0,147574000000.0,-28159000000.0,-16106000000.0,46966000000.0,34630000000.0,-247000000.0,12755000000.0,41488000000.0,18112000000.0,50109000000.0,,,,,,,,,55056000000.0,374000000.0,,34913000000.0,,,,,,11309000000.0,,10675000000.0,,,,6306000000.0,14435000000.0,,,,,6449000000.0,2265000000.0,,,,,,,,71932000000.0,,,,,,,,,,,,,,,,,,,,,,,,,,,,,,,,,,,,,,,,,,,,35040000000.0,,,,30367000000.0,,3530000000.0,,,,,,,,,,,,,,,,,,,,,,,,,,,,,-1185000000.0,,-360000000.0,,,,,-1176000000.0,,2888000000.0,,,672000000.0,838000000.0,,,20600000000.0,,,,68454000000.0,,,41241000000.0,,694000000.0,650000000.0,,9000000.0,,,,-203000000.0,20478000000.0,,107699000000.0,39245000000.0,3732000000.0,,,,,2265000000.0,,,,,,,,,,,,,,,,117800000000.0,,,,-1000000000.0,315000000000.0,,,,,,,,,,,,,,,,,20400000000.0,,,5000000000.0,58424000000.0,,,,,,,2803000000.0,,,,,,,,,,,,,,,11169000000.0,106629000000.0,,-2339000000.0,1339000000.0,1191000000.0,0.0,3530000000.0,,,,2697000000.0,,1536000000.0,,,-1090000000.0,,-849000000.0,,,,38630000000.0,,,531000000.0,,,24689000000.0,228037000000.0,,,,2701000000.0,3000000000.0,,,,,462000000.0,,161685000000.0,49167000000.0,-61000000.0,123945000000.0,,,,,,,,16800000000.0,,,,,,12400000000.0,7876000000.0,,,,,,,26794000000.0,138683000000.0,,,,,,,,,,,,,,,,,,,,,,,,,,,,,,,,,,,,,,,,,,,,,,,,,,20294000000.0,25183000000.0,93206000000.0,138683000000.0,,,,,,,,,,,,,,
2022-03-26,,52682000000.0,20815000000.0,,,,,,-6494000000.0,,,,,350662000000.0,118180000000.0,,,,,28098000000.0,,,,,19443000000.0,54719000000.0,,,,,,,,,1088000000.0,,,,,,,,,,,,,,,,42559000000.0,,,,5129000000.0,9301000000.0,,,,,,,-1750000000.0,-5542000000.0,,-1065000000.0,3542000000.0,2515000000.0,-643000000.0,,5460000000.0,,283263000000.0,350662000000.0,127508000000.0,-56510000000.0,-25371000000.0,75132000000.0,25010000000.0,160000000.0,12580000000.0,29979000000.0,15809000000.0,51959000000.0,,,,,,,,,52432000000.0,735000000.0,,61987000000.0,167000000.0,,,,,18000000000.0,,24668000000.0,,,,6387000000.0,12712000000.0,,,,,6193000000.0,4517000000.0,,,,,,,,67399000000.0,,,,,,,,,,,,,,,,,,,,,,,,,,,,,,,,,,,,,,,,,,,,24585000000.0,,,,31721000000.0,,3206000000.0,,,,,,,,,,,,,,,,,,,,,,,,,,,,,-5579000000.0,,-21000000.0,,,,,-5633000000.0,,3218000000.0,,,581000000.0,257000000.0,,,19300000000.0,,,,70020000000.0,,,30139000000.0,,691000000.0,700000000.0,,-54000000.0,,,,151000000.0,43109000000.0,0.0,109324000000.0,39304000000.0,7327000000.0,,,,,2252000000.0,,,,,,,,,,,,,,,,113000000000.0,,,,999000000.0,,,,,,,,,,,,,,,,,,43300000000.0,,,6999000000.0,61181000000.0,,,,,,,5317000000.0,,,,,,,,,,,,,,,9659000000.0,103323000000.0,,-3953000000.0,4952000000.0,1191000000.0,3750000000.0,5144000000.0,,,,5434000000.0,,649000000.0,,,-5567000000.0,,-1068000000.0,,,,29180000000.0,,,1406000000.0,,,20711000000.0,232482000000.0,,,,-6749000000.0,3000000000.0,,,,,627000000.0,,155755000000.0,50248000000.0,-105000000.0,97278000000.0,,,,,,,,15400000000.0,,,,,,12500000000.0,7920000000.0,,,,,,,23413000000.0,141219000000.0,,,,,,,,,,,,,,,,,,,,,,,,,,,,,,,,,,,,,,,,,,,,,,,,,,20717000000.0,22899000000.0,97603000000.0,141219000000.0,,,,,,,,,,,,,,
2022-06-25,,48343000000.0,21803000000.0,,,,,,-9297000000.0,,,,,336309000000.0,112292000000.0,,,,,27502000000.0,,,,,16639000000.0,47074000000.0,,,,,,,,,2756000000.0,,,,,,,,,,,,,,,,35885000000.0,,,,3624000000.0,12251000000.0,,,,,,,-6108000000.0,-4561000000.0,,-1049000000.0,3289000000.0,246000000.0,-4789000000.0,,5433000000.0,,278202000000.0,336309000000.0,129873000000.0,-83955000000.0,-21137000000.0,98024000000.0,19442000000.0,-10000000.0,12809000000.0,23076000000.0,16386000000.0,52605000000.0,,,,,,,,,53629000000.0,1352000000.0,,70178000000.0,169000000.0,,,,,24203000000.0,,33609000000.0,,,,6797000000.0,5289000000.0,,,,,6012000000.0,6760000000.0,,,,,,,,58107000000.0,,,,,,,,,,,,,,,,,,,,,,,,,,,,,,,,,,,,,,,,,,,,20439000000.0,,,,32930000000.0,,2849000000.0,,,,,,,,,,,,,,,,,,,,,,,,,,,,,-3055000000.0,,-721000000.0,,,,,-3150000000.0,,5915000000.0,,,534000000.0,177000000.0,,,18100000000.0,,,,71516000000.0,,,23066000000.0,,719000000.0,722000000.0,,-95000000.0,,,,-13000000.0,64974000000.0,0.0,111851000000.0,40335000000.0,11138000000.0,,,,,2243000000.0,,,,,,,,,,,,,,,,108700000000.0,,,,4970000000.0,,,,,,,,,,,,,,,,,,65000000000.0,,,10982000000.0,62115000000.0,,,,,,,7419000000.0,,,,,,,,,,,,,,,14009000000.0,94700000000.0,,587000000.0,4383000000.0,5731000000.0,6750000000.0,5144000000.0,,,,8239000000.0,,1231000000.0,,,-2803000000.0,,-2695000000.0,,,,28861000000.0,,,1910000000.0,,,20699000000.0,224017000000.0,,,,-7068000000.0,3100000000.0,,,,,260000000.0,,148329000000.0,48811000000.0,-148000000.0,82959000000.0,,,,,,,,14100000000.0,,,,,,12200000000.0,7728000000.0,,,,,,,20729000000.0,131077000000.0,,,,,,,,,,,,,,,,,,,,,,,,,,,,,,,,,,,,,,,,,,,,,,,,,,18790000000.0,19317000000.0,92970000000.0,131077000000.0,,,,,,,,,,,,,,
2022-09-24,,64115000000.0,28184000000.0,,,,,,-11109000000.0,,,,,352755000000.0,135405000000.0,,,,,23646000000.0,,,,,88531000000.0,223546000000.0,,,,7890000000.0,8996000000.0,1519000000.0,-2265000000.0,3076000000.0,895000000.0,,,84000000.0,,,,,,,5625000000.0,,12072000000.0,,,,170782000000.0,,71300000000.0,,19300000000.0,19573000000.0,-4366000000.0,25012000000.0,,,1518000000.0,1153000000.0,9448000000.0,1823000000.0,,-1484000000.0,6499000000.0,6110000000.0,7520000000.0,,4946000000.0,,302083000000.0,352755000000.0,153982000000.0,-110749000000.0,-22354000000.0,122151000000.0,99803000000.0,-334000000.0,51345000000.0,119437000000.0,21223000000.0,54428000000.0,,,,,,,,,49142000000.0,2086000000.0,,76923000000.0,306000000.0,,,,,29917000000.0,,37446000000.0,,,,26251000000.0,-3068000000.0,,,,,25094000000.0,9038000000.0,,,,,,,1603000000.0,50672000000.0,,,28000000.0,929000000.0,,,,,,6552000000.0,,,,,,,,,,29206000000.0,14537000000.0,21676000000.0,3407000000.0,,6515000000.0,7530000000.0,,,,,,,,,,,,,,,,,,32748000000.0,,,54293000000.0,32485000000.0,,,,16758000000.0,,8000000000.0,,,,,,,,,,,469000000.0,,,,,,,,,,,,,,-11899000000.0,,-1511000000.0,,,,,-12104000000.0,,6223000000.0,,,,,,27286000000.0,16700000000.0,,,,72340000000.0,,,119103000000.0,160000000.0,2931000000.0,2825000000.0,,-205000000.0,,,,-228000000.0,89402000000.0,5465000000.0,114457000000.0,42117000000.0,14841000000.0,,,,,9038000000.0,,,5742000000.0,,,,,,,,,,,3309000000.0,,110087000000.0,,,,3955000000.0,,,1982000000.0,,1936000000.0,2284000000.0,,,111824000000.0,,,59290000000.0,9631000000.0,11209000000.0,10645000000.0,9910000000.0,,90200000000.0,,,9982000000.0,64849000000.0,7139000000.0,,412000000.0,,11139000000.0,42117000000.0,10708000000.0,,,,,,,,,,,,,,,11128000000.0,98959000000.0,,-1309000000.0,5264000000.0,5948000000.0,9543000000.0,7257000000.0,,,,11104000000.0,,4002000000.0,,,-11272000000.0,,-1006000000.0,,,4800000000.0,24977000000.0,,374000000.0,2865000000.0,,,16657000000.0,217350000000.0,,,,-10952000000.0,7500000000.0,,8700000000.0,-1871000000.0,542000000.0,478000000.0,2800000000.0,148101000000.0,60845000000.0,-160000000.0,394328000000.0,,312000000.0,13488000000.0,6780000000.0,4876000000.0,1418000000.0,412000000.0,12700000000.0,,,,,,12400000000.0,7912000000.0,,,,,,,24658000000.0,120805000000.0,,,,,,,1496000000.0,2163000000.0,942000000.0,,941000000.0,1354000000.0,906000000.0,34000000.0,48000000.0,81000000.0,130000000.0,,413000000.0,12782000000.0,5080000000.0,1143000000.0,1382000000.0,1677000000.0,1742000000.0,,1312000000.0,1900000000.0,11470000000.0,1800000000.0,,,,,14900000000.0,,6962000000.0,,129000000.0,812000000.0,155000000.0,952000000.0,1758000000.0,1534000000.0,9936000000.0,10417000000.0,,,296000000.0,17345000000.0,16429000000.0,87031000000.0,120805000000.0,4400000000.0,2500000000.0,2913000000.0,12700000000.0,1637000000.0,1637000000.0,13378000000.0,18739000000.0,15375000000.0,1582000000.0,39053000000.0,,,
2022-12-31,,57918000000.0,23752000000.0,,,,,,-12912000000.0,,,,,346747000000.0,128777000000.0,,,,,20535000000.0,,,,,28195000000.0,66822000000.0,,,,,,,,,,,,,,,,,,,,,,,,,50332000000.0,,,,5625000000.0,828000000.0,,,,,,,-6075000000.0,-4275000000.0,,1807000000.0,4099000000.0,3889000000.0,-2320000000.0,,6820000000.0,,290020000000.0,346747000000.0,137286000000.0,-35563000000.0,-1445000000.0,34005000000.0,29998000000.0,-393000000.0,14316000000.0,36016000000.0,16422000000.0,60924000000.0,,,,,,,,,53107000000.0,141000000.0,,5153000000.0,,,,,,7127000000.0,,509000000.0,,,,7709000000.0,3240000000.0,,,,,6607000000.0,2905000000.0,,,,,,,,56727000000.0,,,,,,,,,,,,,,,,,,,,,,,,,,,,,,,,,,,,,,,,,,,,30428000000.0,,,,,,,,,,,,,,,,,,,,,,,,,,,,,,,,,,,965000000.0,,-14000000.0,,,,,900000000.0,,2316000000.0,,,,,,14726000000.0,25500000000.0,,,,68044000000.0,,,35623000000.0,,1003000000.0,868000000.0,,-65000000.0,,,,-258000000.0,19475000000.0,,110995000000.0,42951000000.0,3768000000.0,,,,,2905000000.0,,,,,,,,,,,,,,4307000000.0,,109400000000.0,,,,-8214000000.0,,,,,,,,,,,,,,,,,,19000000000.0,,,1743000000.0,66399000000.0,,,,,,,3787000000.0,,,,,,,,,,,,,,,9740000000.0,99627000000.0,,-2645000000.0,-5569000000.0,0.0,1401000000.0,2645000000.0,,,,2916000000.0,,1178000000.0,,,-1803000000.0,,317000000.0,,,,21974000000.0,,,703000000.0,,,,217970000000.0,,,,-3003000000.0,3400000000.0,,,,,131000000.0,,152734000000.0,59893000000.0,-389000000.0,117154000000.0,,,2897000000.0,348000000.0,1584000000.0,6554000000.0,,,,,,,,12600000000.0,7992000000.0,,,,,,,30820000000.0,114095000000.0,,,,,,,,,,,,,,,,,,,,,,,,,,,,,,,,,,,,,,,,,,,,,,,,,,17355000000.0,14243000000.0,82497000000.0,114095000000.0,,,,13600000000.0,2513000000.0,,,,,,,2899000000.0,,
2023-04-01,,42945000000.0,17936000000.0,,,,,,-11746000000.0,,,,,332160000000.0,112913000000.0,,,,,24687000000.0,,,,,25326000000.0,52860000000.0,,,,,,,,,,,,,,,,,,,,,,,,,41976000000.0,,,,4222000000.0,4894000000.0,,,,,,,-20764000000.0,-9596000000.0,,2548000000.0,4092000000.0,1757000000.0,-14785000000.0,,7482000000.0,,270002000000.0,332160000000.0,120075000000.0,-61287000000.0,874000000.0,62565000000.0,24160000000.0,64000000.0,13658000000.0,28318000000.0,13660000000.0,65388000000.0,,,,,,,,,52886000000.0,247000000.0,,11197000000.0,,,,,,17124000000.0,,1897000000.0,,,,7457000000.0,4336000000.0,,,,,6201000000.0,5591000000.0,,,,,,,,62158000000.0,,,,,,,,,,,,,,,,,,,,,,,,,,,,,,,,,,,,,,,,,,,,17963000000.0,,,,,,,,,,,,,,,,,,,,,,,,,,,,,,,,,,,1465000000.0,,-95000000.0,,,,,1403000000.0,,2734000000.0,,,,,,16077000000.0,23200000000.0,,,,69668000000.0,,,28382000000.0,,930000000.0,918000000.0,,-62000000.0,,,,76000000.0,39069000000.0,,113066000000.0,43398000000.0,7418000000.0,,,,,2686000000.0,,,,,,,,,,,,,,4103000000.0,,107600000000.0,,,,-7960000000.0,,,,,,,,,,,,,,,,,,38100000000.0,,,1996000000.0,69568000000.0,,,,,,,6703000000.0,,,,,,,,,,,,,,,10578000000.0,97041000000.0,,-2645000000.0,-5315000000.0,0.0,3651000000.0,2645000000.0,,,,5814000000.0,,620000000.0,,,1166000000.0,,1732000000.0,,,,27129000000.0,,,1873000000.0,,,,219247000000.0,,,,2152000000.0,3500000000.0,,,,,,,149927000000.0,56425000000.0,-455000000.0,94836000000.0,,,2716000000.0,571000000.0,2028000000.0,2602000000.0,,,,,,,,12500000000.0,8131000000.0,,,,,,,31185000000.0,110461000000.0,,,,,,,,,,,,,,,,,,,,,,,,,,,,,,,,,,,,,,,,,,,,,,,,,,17181000000.0,11928000000.0,81352000000.0,110461000000.0,,,,13100000000.0,,3379000000.0,,,,,,2263000000.0,,
2023-07-01,,46699000000.0,19549000000.0,,,,,,-11801000000.0,,,,,335038000000.0,122659000000.0,,,,,28408000000.0,,,,,19826000000.0,45384000000.0,,,,,,,,,,,,,,,,,,,,,,,,,36413000000.0,,,,2852000000.0,7020000000.0,,,,,,,-16790000000.0,-7609000000.0,,2570000000.0,4863000000.0,2986000000.0,-13111000000.0,,7351000000.0,,274764000000.0,335038000000.0,124963000000.0,-85335000000.0,1311000000.0,88945000000.0,19881000000.0,-265000000.0,13415000000.0,22998000000.0,13640000000.0,64768000000.0,,,,,,,,,51730000000.0,753000000.0,,20956000000.0,,,,,,27857000000.0,,3959000000.0,,,,7442000000.0,1408000000.0,,,,,5973000000.0,8208000000.0,,,,,,,,60274000000.0,,,,,,,,,,,,,,,,,,,,,,,,,,,,,,,,,,,,,,,,,,,,19637000000.0,,,,,,,,,,,,,,,,,,,,,,,,,,,,,,,,,,,-282000000.0,,-385000000.0,,,,,-340000000.0,,5119000000.0,,,,,,18957000000.0,20900000000.0,,,,70787000000.0,,,22733000000.0,,998000000.0,980000000.0,,-58000000.0,,,,-247000000.0,56547000000.0,5228000000.0,114337000000.0,43550000000.0,11267000000.0,,,,,2617000000.0,,,,,,,,,,,,,,3563000000.0,,105300000000.0,,,,-5971000000.0,,,,,,,,,,,,,,,,,,56100000000.0,,,3993000000.0,70667000000.0,,,,,,,8796000000.0,,,,,,,,,,,,,,,7216000000.0,98071000000.0,,-2645000000.0,-3326000000.0,0.0,11151000000.0,2645000000.0,,,,8866000000.0,,993000000.0,,,-55000000.0,,1651000000.0,,,,29898000000.0,,,2590000000.0,,,,212379000000.0,,,,4921000000.0,3300000000.0,,,,,,,149801000000.0,58897000000.0,-508000000.0,81797000000.0,,,3417000000.0,1013000000.0,1990000000.0,3079000000.0,,,,,,,,12200000000.0,8158000000.0,,,,,,,34074000000.0,104061000000.0,,,,,,,,,,,,,,,,,,,,,,,,,,,,,,,,,,,,,,,,,,,,,,,,,,16646000000.0,11148000000.0,76267000000.0,104061000000.0,,,,14100000000.0,,3788000000.0,14863000000.0,17986000000.0,,,,1260000000.0,,
2023-09-30,,62611000000.0,29508000000.0,,,,,,-11452000000.0,,,,,352583000000.0,143566000000.0,,,,,29965000000.0,,,,,96652000000.0,214137000000.0,,,,9445000000.0,8750000000.0,1570000000.0,-3644000000.0,669000000.0,,,,-49000000.0,,,,,,,5801000000.0,,9419000000.0,,,,169148000000.0,,72900000000.0,,16741000000.0,18679000000.0,-5744000000.0,23885000000.0,,,1124000000.0,1212000000.0,-1889000000.0,1688000000.0,,1618000000.0,5684000000.0,3031000000.0,-1271000000.0,,6331000000.0,,290437000000.0,352583000000.0,145308000000.0,-108488000000.0,3705000000.0,110543000000.0,96995000000.0,-565000000.0,54847000000.0,114301000000.0,14695000000.0,64758000000.0,,,,,,,,,49848000000.0,1337000000.0,,29513000000.0,,,,,,39686000000.0,,5828000000.0,,,,29915000000.0,-214000000.0,,,,,24932000000.0,10833000000.0,,,,,,,1521000000.0,62146000000.0,,,19000000.0,494000000.0,,,,,,8819000000.0,,,,,,,,,,32743000000.0,17251000000.0,24369000000.0,2343000000.0,,6365000000.0,8374000000.0,,,,,,,,,,,,,,,,,,31477000000.0,,,50010000000.0,34391000000.0,,,,19454000000.0,,9500000000.0,,,,,,,,,,,490000000.0,,,,,,,,,,,,,,1816000000.0,,-765000000.0,,,,,1563000000.0,,5431000000.0,,,,,,20736000000.0,18600000000.0,,,,70884000000.0,,,113736000000.0,-192000000.0,3933000000.0,3750000000.0,,-253000000.0,,,,-382000000.0,77550000000.0,5228000000.0,114599000000.0,43715000000.0,15025000000.0,,,,,10833000000.0,,,4571000000.0,,,,,,,,,,,,,105103000000.0,,,,-3978000000.0,,,1463000000.0,,2628000000.0,2044000000.0,,,106572000000.0,,,56003000000.0,7800000000.0,9786000000.0,12265000000.0,10775000000.0,,76600000000.0,,,5985000000.0,73812000000.0,7118000000.0,,,,9943000000.0,43715000000.0,10959000000.0,,,,,,,,,,,,,,,9822000000.0,95281000000.0,,-2645000000.0,-1333000000.0,0.0,11151000000.0,2645000000.0,,,,11519000000.0,,3421000000.0,,,-343000000.0,,2227000000.0,,,4500000000.0,30737000000.0,,356000000.0,3803000000.0,,,15457000000.0,209017000000.0,,,,5760000000.0,8200000000.0,,8500000000.0,-1120000000.0,,,3700000000.0,145129000000.0,58829000000.0,-581000000.0,383285000000.0,,5878000000.0,4258000000.0,1277000000.0,2674000000.0,3434000000.0,3215000000.0,,,,,,,12100000000.0,8061000000.0,,,,,,,31590000000.0,100544000000.0,,,,,,,,2179000000.0,511000000.0,,1024000000.0,1425000000.0,872000000.0,34000000.0,52000000.0,120000000.0,151000000.0,,401000000.0,13841000000.0,5983000000.0,1181000000.0,1351000000.0,1732000000.0,1875000000.0,,2023000000.0,2000000000.0,11818000000.0,1900000000.0,,,,,13900000000.0,,8302000000.0,,165000000.0,859000000.0,196000000.0,1015000000.0,1719000000.0,1410000000.0,10408000000.0,10661000000.0,,,0.0,16153000000.0,9964000000.0,74427000000.0,100544000000.0,5200000000.0,3000000000.0,2447000000.0,13800000000.0,,,14433000000.0,18247000000.0,17852000000.0,1998000000.0,46906000000.0,,,
2023-12-30,,58146000000.0,23194000000.0,,,,,,-9378000000.0,,,,,353514000000.0,143692000000.0,,,,,40760000000.0,,,,,35990000000.0,64720000000.0,,,,,,,,,,,,,,,,,,,,,,,,,54855000000.0,,,,6407000000.0,7255000000.0,,,,,,,-4542000000.0,-6555000000.0,,137000000.0,1457000000.0,-3865000000.0,-4569000000.0,,6511000000.0,,279414000000.0,353514000000.0,133973000000.0,-30585000000.0,1927000000.0,39895000000.0,33916000000.0,-50000000.0,14482000000.0,40373000000.0,13979000000.0,66681000000.0,,,,,,,,,50353000000.0,284000000.0,,9780000000.0,,,,,,13046000000.0,,1337000000.0,,,,7696000000.0,8242000000.0,,,,,6786000000.0,2997000000.0,,,,,,,,74100000000.0,,,,,,,,,,,,,,,,,,,,,,,,,,,,,,,,,,,,,,,,,,,,26908000000.0,,,,,,,,,,,,,,,,,,,,,,,,,,,,,,,,,,,3120000000.0,,308000000.0,,,,,3045000000.0,,2591000000.0,,,,,,,,,,,72510000000.0,,,40323000000.0,,,,,-75000000.0,,,,,20139000000.0,,116176000000.0,43666000000.0,3825000000.0,,,,,2997000000.0,,,,,,,,,,,,,,,,106000000000.0,,,,-3984000000.0,,,,,,,,,,,,,,,,,,20500000000.0,,,1998000000.0,75236000000.0,,,,,,,2392000000.0,,,,,,,,,,,,,,,10954000000.0,95088000000.0,,,-3984000000.0,,0.0,0.0,,,,2848000000.0,,1235000000.0,,,2074000000.0,,989000000.0,,,,41974000000.0,,,,,,,209822000000.0,,,,11237000000.0,3500000000.0,,,,,,,145441000000.0,54611000000.0,-46000000.0,119575000000.0,,,,,,,,,,,,,,12500000000.0,8264000000.0,,,,,,,32340000000.0,99475000000.0,,,,,,,,,,,,,,,,,,,,,,,,,,,,,,,,,,,,,,,,,,,,,,,,,,17113000000.0,9368000000.0,72994000000.0,99475000000.0,,,,13900000000.0,,,15102000000.0,18661000000.0,,,,,,
2024-03-30,,45753000000.0,21837000000.0,,,,,,-8960000000.0,,,,,337411000000.0,128416000000.0,,,,,32695000000.0,,,,,24054000000.0,48482000000.0,,,,,,,,,,,,,,,,,,,,,,,,,42271000000.0,,,,4422000000.0,14531000000.0,,,,,,,-16710000000.0,-7727000000.0,,-53000000.0,4438000000.0,-3437000000.0,-12164000000.0,,6232000000.0,,263217000000.0,337411000000.0,123822000000.0,-61018000000.0,1617000000.0,62585000000.0,23636000000.0,158000000.0,14371000000.0,27900000000.0,13884000000.0,70262000000.0,,,,,,,,,47564000000.0,729000000.0,,25042000000.0,,,,,,27462000000.0,,4314000000.0,,,,7903000000.0,4339000000.0,,,,,6468000000.0,5961000000.0,,,,,,,,74194000000.0,,,,,,,,,,,,,,,,,,,,,,,,,,,,,,,,,,,,,,,,,,,,19313000000.0,,,,,,,,,,,,,,,,,,,,,,,,,,,,,,,,,,,52000000.0,,-322000000.0,,,,,-7000000.0,,2875000000.0,,,,,,,,,,,71697000000.0,,,28058000000.0,,,,,-59000000.0,,,,,43344000000.0,,115243000000.0,43546000000.0,7535000000.0,,,,,2964000000.0,,,,,,,,,,,,,,,,102600000000.0,,,,-3982000000.0,,,,,,,,,,,,,,,,,,44000000000.0,,,1997000000.0,78815000000.0,,,,,,,4388000000.0,,,,,,,,,,,,,,,10762000000.0,91831000000.0,,,-3982000000.0,,3150000000.0,0.0,,,,5684000000.0,,663000000.0,,,418000000.0,,1971000000.0,,,,33921000000.0,,,,,,,208995000000.0,,,,3184000000.0,3300000000.0,,,,,,,139395000000.0,57298000000.0,-132000000.0,90753000000.0,,,,,,,,,,,,,,12600000000.0,8012000000.0,,,,,,,34455000000.0,95187000000.0,,,,,,,,,,,,,,,,,,,,,,,,,,,,,,,,,,,,,,,,,,,,,,,,,,18092000000.0,9108000000.0,67987000000.0,95187000000.0,,,,14000000000.0,,,15045000000.0,16817000000.0,,,,,,
2024-06-29,,47574000000.0,22795000000.0,,,,,,-8416000000.0,,,,,331612000000.0,125435000000.0,,,,,25565000000.0,,,,,21992000000.0,46099000000.0,,,,,,,,,,,,,,,,,,,,,,,,,39678000000.0,,,,4046000000.0,19230000000.0,,,,,,,-15171000000.0,-6697000000.0,,-41000000.0,5626000000.0,2000000.0,-11100000000.0,,6165000000.0,,264904000000.0,331612000000.0,131624000000.0,-97035000000.0,1490000000.0,91443000000.0,21448000000.0,142000000.0,14326000000.0,25352000000.0,14297000000.0,70435000000.0,,,,,,,,,47084000000.0,1117000000.0,,38074000000.0,,,,,,39838000000.0,,7382000000.0,,,,8006000000.0,-4726000000.0,,,,,6320000000.0,8830000000.0,,,,,,,,66708000000.0,,,,,,,,,,,,,,,,,,,,,,,,,,,,,,,,,,,,,,,,,,,,20377000000.0,,,,,,,,,,,,,,,,,,,,,,,,,,,,,,,,,,,298000000.0,,-73000000.0,,,,,268000000.0,,5163000000.0,,,,,,,,,,,72627000000.0,,,25494000000.0,,,,,-30000000.0,,,,,69866000000.0,0.0,117129000000.0,44502000000.0,11430000000.0,,,,,2869000000.0,,,,,,,,,,,,,,,,98300000000.0,,,,-2985000000.0,,,,,,,,,,,,,,,,,,70000000000.0,,,2994000000.0,79850000000.0,,,,,,,6539000000.0,,,,,,,,,,,,,,,12114000000.0,86196000000.0,,,-2985000000.0,,7400000000.0,0.0,,,,8534000000.0,,764000000.0,,,544000000.0,,1964000000.0,,,,26635000000.0,,,,,,,206177000000.0,,,,-4102000000.0,3400000000.0,,,,,,,133280000000.0,60889000000.0,-191000000.0,85777000000.0,,,,,,,,,,,,,,12500000000.0,8053000000.0,,,,,,,36236000000.0,91240000000.0,,,,,,,,,,,,,,,,,,,,,,,,,,,,,,,,,,,,,,,,,,,,,,,,,,18371000000.0,8660000000.0,64209000000.0,91240000000.0,,,,14100000000.0,,,15007000000.0,13096000000.0,,,,,,
2024-09-28,,68960000000.0,33410000000.0,,,,,,-7172000000.0,,,,,364980000000.0,152987000000.0,,,,,29943000000.0,,,,,98016000000.0,210352000000.0,,,,5571000000.0,25483000000.0,1726000000.0,-3080000000.0,347000000.0,,,,-298000000.0,,,,,,,2491000000.0,,25830000000.0,,,,180683000000.0,,77300000000.0,,29749000000.0,26102000000.0,-5311000000.0,25932000000.0,,,1162000000.0,1397000000.0,6020000000.0,3788000000.0,,1046000000.0,11731000000.0,15552000000.0,1356000000.0,,7286000000.0,,308030000000.0,364980000000.0,176392000000.0,-121983000000.0,2935000000.0,118254000000.0,93736000000.0,269000000.0,57467000000.0,123216000000.0,14287000000.0,74834000000.0,,,,,,,,,45888000000.0,1308000000.0,,48656000000.0,,,,,,51211000000.0,,11135000000.0,,,,31370000000.0,-19154000000.0,,,,,26097000000.0,11688000000.0,,,,,,,1428000000.0,56950000000.0,,,1070000000.0,229000000.0,,,,,,26601000000.0,,,,,,,,,,34873000000.0,19202000000.0,26007000000.0,2168000000.0,,6114000000.0,8866000000.0,,,,,,,,,,,,,,,,,,32833000000.0,,,51703000000.0,36634000000.0,,,,22038000000.0,,10800000000.0,,,,,,,,,,,455000000.0,,,,,,,,,,,,,,6054000000.0,,395000000.0,,,,,5850000000.0,,5441000000.0,,,,,,11226000000.0,,,,,73448000000.0,,,123485000000.0,10000000.0,,,,-204000000.0,,,,,94949000000.0,0.0,119128000000.0,45680000000.0,15234000000.0,,,,,11688000000.0,,,3413000000.0,,,,,,,,,,,3659000000.0,,96700000000.0,,,,3960000000.0,,,386000000.0,,2542000000.0,1727000000.0,,,97341000000.0,,,51180000000.0,5153000000.0,7800000000.0,9936000000.0,12342000000.0,,95000000000.0,,,9967000000.0,83276000000.0,6805000000.0,,,,10930000000.0,45680000000.0,9447000000.0,,,,,,,,,,,,,,,10912000000.0,85750000000.0,,0.0,3960000000.0,0.0,9958000000.0,0.0,,,,11445000000.0,,3350000000.0,,,4280000000.0,,2266000000.0,,,,29943000000.0,,321000000.0,,,,9254000000.0,211993000000.0,,,,-794000000.0,7700000000.0,,8200000000.0,-893000000.0,,,,131638000000.0,78304000000.0,-361000000.0,391035000000.0,,633000000.0,3206000000.0,3121000000.0,2440000000.0,1156000000.0,670000000.0,,,,,,,12800000000.0,8249000000.0,,,,,,,35228000000.0,91479000000.0,,,,,,,,2125000000.0,0.0,,896000000.0,1272000000.0,837000000.0,36000000.0,38000000.0,59000000.0,131000000.0,,376000000.0,13518000000.0,5563000000.0,1187000000.0,1360000000.0,1674000000.0,1914000000.0,,1984000000.0,2000000000.0,11534000000.0,1900000000.0,,,,,13800000000.0,,8856000000.0,,144000000.0,752000000.0,171000000.0,1069000000.0,1820000000.0,1488000000.0,10046000000.0,10234000000.0,,,,,,,,5100000000.0,3600000000.0,1173000000.0,,,3627000000.0,0.0,13500000000.0,19499000000.0,2551000000.0,55335000000.0,,,
2024-12-28,,61910000000.0,29639000000.0,,,,,,-6789000000.0,,,,,344085000000.0,133240000000.0,,,,,30299000000.0,,,,,36713000000.0,66025000000.0,,,,,,,,,,,,,,,,,,,,,,,,,58275000000.0,,,,6254000000.0,18651000000.0,,,,,,,-6671000000.0,-3597000000.0,,-215000000.0,-939000000.0,-11998000000.0,-3166000000.0,,6911000000.0,,277327000000.0,344085000000.0,144365000000.0,-39371000000.0,9792000000.0,29935000000.0,36330000000.0,-248000000.0,15443000000.0,42832000000.0,13248000000.0,77183000000.0,,,,,,,,,49006000000.0,603000000.0,,6124000000.0,,,,,,15967000000.0,,3492000000.0,,,,8268000000.0,-11221000000.0,,,,,7175000000.0,3286000000.0,,,,,,,,66758000000.0,,,,,,,,,,,,,,,,,,,,,,,,,,,,,,,,,,,,,,,,,,,,29667000000.0,,,,,,,,,,,,,,,,,,,,,,,,,,,,,,,,,,,-1427000000.0,,-625000000.0,,,,,-1647000000.0,,2921000000.0,,,,,,,,,,,74546000000.0,,,42584000000.0,,,,,-220000000.0,,,,,23606000000.0,,120615000000.0,46069000000.0,3856000000.0,,,,,3286000000.0,,,,,,,,,,,,,,4119000000.0,,94800000000.0,,,,-7944000000.0,,,,,,,,,,,,,,,,,,23300000000.0,,,1995000000.0,84768000000.0,,,,,,,2940000000.0,,,,,,,,,,,,,,,10848000000.0,83956000000.0,,,,,1009000000.0,,,,,3080000000.0,,1332000000.0,,,383000000.0,,2009000000.0,,,,30299000000.0,,,,,,,210845000000.0,,,,356000000.0,3700000000.0,,,,,,,132962000000.0,61151000000.0,-35000000.0,124300000000.0,,,,,,,,,,,,,,13200000000.0,8461000000.0,,,,,,,23476000000.0,87593000000.0,,,,,,,,,,,,,,,,,,,,,,,,,,,,,,,,-784000000.0,,,,,,,,,,,,,,,,,,,,,,,,,,,2792000000.0,,13300000000.0,,,,,2435000000.0,1651000000.0
